@ARTICLE{Schechter_1976,
  author = {{Schechter}, P.},
  title = {{AN ANALYTIC EXPRESSION FOR THE LUMINOSITY FUNCTION FOR GALAXIES}},
  journal = {The Astrophysical Journal},
  year = {1976},
  month = {Jan},
  volume = {203},
  pages = {297-306},
  doi = {10.1086/154079},
  adsurl = {http://adsabs.harvard.edu/abs/1976ApJ...203..297S},
  adsnote = {Provided by the SAO/NASA Astrophysics Data System},
}


@ARTICLE{Bell_2003,
  author = {{Bell}, E. F. and {McIntosh}, D. H. and {Katz}, N. and {Weinberg}, M. D.},
  title = {{THE OPTICAL AND NEAR-INFRARED PROPERTIES OF GALAXIES. I. LUMINOSITY & STELLAR MASS FUNCTIONS}},
  journal = {The Astrophysical Journal Supplement Series},
  eprint = {astro-ph/0302543},
  keywords = {Galaxies: Evolution, Galaxies: General, Galaxies: Luminosity Function, Mass Function, Galaxies: Stellar Content},
  year = {2003},
  month = {Dec},
  volume = {149},
  pages = {289-312},
  doi = {10.1086/378847},
  adsurl = {http://adsabs.harvard.edu/abs/2003ApJS..149..289B},
  adsnote = {Provided by the SAO/NASA Astrophysics Data System},
}


@article{Kennicutt_1998,
  doi = {10.1146/annurev.astro.36.1.189},
  url = {http://dx.doi.org/10.1146/annurev.astro.36.1.189},
  year = {1998},
  month = {sep},
  publisher = {Annual Reviews},
  volume = {36},
  number = {1},
  pages = {189--231},
  author = {Kennicutt, R. C.},
  title = {{{STAR} {FORMATION} {IN} {GALAXIES} {ALONG} {THE} {HUBBLE} {SEQUENCE}}},
  journal = {Annual Review of Astronomy and Astrophysics},
}


@ARTICLE{Yang_2007,
  author = {{Yang}, X. and {Mo}, H. J. and {van den Bosch}, F. C. and {Pasquali}, A. and {Li}, C. and {Barden}, M.},
  title = {{GALAXY GROUPS IN THE SDSS DR4. I. THE CATALOG & BASIC PROPERTIES}},
  journal = {The Astrophysical Journal},
  year = {2007},
  month = {dec},
  volume = {671},
  pages = {153-170},
  doi = {10.1086/522027},
  adsurl = {http://adsabs.harvard.edu/abs/2007ApJ...671..153Y},
  adsnote = {Provided by the SAO/NASA Astrophysics Data System},
}


@article{onning_Shields_Salviander_2007,
  title = {{RECOILING BLACK HOLES IN QUASARS}},
  volume = {666},
  url = {http://dx.doi.org/10.1086/521674},
  doi = {10.1086/521674},
  number = {1},
  journal = {The Astrophysical Journal},
  publisher = {IOP Publishing},
  author = {Bonning, E. W. and Shields, G. A. and Salviander, S.},
  year = {2007},
  month = {Sep},
  pages = {L13-L16},
}


@article{Gualandris_Merritt_2008,
  title = {{EJECTION OF SUPERMASSIVE BLACK HOLES FROM GALAXY CORES}},
  volume = {678},
  url = {http://dx.doi.org/10.1086/586877},
  doi = {10.1086/586877},
  number = {2},
  journal = {The Astrophysical Journal},
  publisher = {IOP Publishing},
  author = {Gualandris, A. and Merritt, D.},
  year = {2008},
  month = {May},
  pages = {780-797},
}


@article{tini_Bongiorno_Piconcelli_2013,
  title = {{PROBING AGN TRIGGERING MECHANISMS THROUGH THE STARBURSTINESS OF THE HOST GALAXY}},
  volume = {559},
  url = {http://dx.doi.org/10.1051/0004-6361/201322667},
  doi = {10.1051/0004-6361/201322667},
  journal = {Astronomy & Astrophysics},
  publisher = {EDP Sciences},
  author = {Lamastra, A. and Menci, N. and Fiore, F. and Santini, P. and Bongiorno, A. and Piconcelli, E.},
  year = {2013},
  month = {Nov},
  pages = {A56},
}


@article{Blecha_Civano_Elvis_Loeb_2013,
  title = {{CONSTRAINTS ON THE NATURE OF CID-42: RECOIL KICK OR SMBH PAIR?}},
  volume = {428},
  url = {http://dx.doi.org/10.1093/mnras/sts114},
  doi = {10.1093/mnras/sts114},
  number = {2},
  journal = {Monthly Notices of the Royal Astronomical Society},
  publisher = {Oxford University Press (OUP)},
  author = {Blecha, L. and Civano, F. and Elvis, M. and Loeb, A.},
  year = {2013},
  month = {Jan},
  pages = {1341-1350},
}


@article{Hicks_Friedrich_Sternberg_2007,
  title = {{A CLOSE LOOK AT STAR FORMATION AROUND ACTIVE GALACTIC NUCLEI}},
  volume = {671},
  url = {http://dx.doi.org/10.1086/523032},
  doi = {10.1086/523032},
  number = {2},
  journal = {The Astrophysical Journal},
  publisher = {IOP Publishing},
  author = {Davies, R. I. and Mueller Sanchez, F. and Genzel, R. and Tacconi, L. J. and Hicks, E. K. S. and Friedrich, S. and Sternberg, A.},
  year = {2007},
  month = {Dec},
  pages = {1388-1412},
}


@article{Draper_Ballantyne_2012,
  title = {{A TALE OF TWO POPULATIONS: THE CONTRIBUTION OF MERGER & SECULAR PROCESSES TO THE EVOLUTION OF ACTIVE GALACTIC NUCLEI}},
  volume = {751},
  url = {http://dx.doi.org/10.1088/0004-637X/751/1/72},
  doi = {10.1088/0004-637X/751/1/72},
  number = {1},
  journal = {The Astrophysical Journal},
  publisher = {IOP Publishing},
  author = {Draper, A. R. and Ballantyne, D. R.},
  year = {2012},
  month = {May},
  pages = {72},
}


@article{Scott_Kaviraj_2013,
  title = {{STAR FORMATION & AGN ACTIVITY IN INTERACTING GALAXIES: A NEAR-UV PERSPECTIVE}},
  volume = {437},
  url = {http://dx.doi.org/10.1093/mnras/stt2014},
  doi = {10.1093/mnras/stt2014},
  number = {3},
  journal = {Monthly Notices of the Royal Astronomical Society},
  publisher = {Oxford University Press (OUP)},
  author = {Scott, C. and Kaviraj, S.},
  year = {2014},
  month = {Jan},
  pages = {2137-2145},
}


@ARTICLE{1984MNRAS.209..111J,
  author = {Joseph, R.~D. and Meikle, W.P.S. and Robertson, N.A. and Wright, G.S.},
  title = {{RECENT STAR FORMATION IN INTERACTING GALAXIES. I - EVIDENCE FROM JHKL PHOTOMETRY}},
  journal = {Monthly Notices of the Royal Astronomical Society},
  year = {1984},
  month = {Jul},
  volume = {209},
  pages = {111-122},
  adsurl = {http://adsabs.harvard.edu/abs/1984MNRAS.209..111J},
  adsnote = {Provided by the SAO/NASA Astrophysics Data System},
}


@ARTICLE{2014ApJ...780..106I,
  author = {Imanishi, M. and Saito, Y.},
  title = {{SUBARU ADAPTIVE-OPTICS HIGH-SPATIAL-RESOLUTION INFRARED K- & L'-BAND IMAGING SEARCH FOR DEEPLY BURIED DUAL AGNS IN MERGING GALAXIES}},
  journal = {The Astrophysical Journal},
  year = {2014},
  month = {Jan},
  volume = {780},
  eid = {106},
  pages = {106},
  doi = {10.1088/0004-637X/780/1/106},
  adsurl = {http://adsabs.harvard.edu/abs/2014ApJ...780..106I},
  adsnote = {Provided by the SAO/NASA Astrophysics Data System},
}


@ARTICLE{1989MNRAS.240..349L,
  author = {Leech, K. J. and Penston, M. V. and Terlevich, R. and Lawrence, A. and Rowan-Robinson, M. and Crawford, J.},
  title = {{HIGH-LUMINOSITY IRAS GALAXIES. II - OPTICAL SPECTROSCOPY, MODELLING OF STARBURST REGIONS AND COMPARISON WITH STRUCTURE}},
  journal = {Monthly Notices of the Royal Astronomical Society},
  year = {1989},
  month = {Sep},
  volume = {240},
  pages = {349-372},
  adsurl = {http://adsabs.harvard.edu/abs/1989MNRAS.240..349L},
  adsnote = {Provided by the SAO/NASA Astrophysics Data System},
}


@article{eilleux_Mazzarella_Soifer_1995,
  title = {{OPTICAL SPECTROSCOPY OF LUMINOUS INFRARED GALAXIES. I. NUCLEAR DATA}},
  volume = {98},
  url = {http://dx.doi.org/10.1086/192157},
  doi = {10.1086/192157},
  journal = {The Astrophysical Journal Supplement Series},
  publisher = {IOP Publishing},
  author = {Kim, D.-C. and Sanders, D. B. and Veilleux, S. and Mazzarella, J. M. and Soifer, B. T.},
  year = {1995},
  month = {May},
  pages = {129},
}


@article{Sanders_Mazzarella_Soifer_1995,
  title = {{OPTICAL SPECTROSCOPY OF LUMINOUS INFRARED GALAXIES. II. ANALYSIS OF THE NUCLEAR & LONG-SLIT DATA}},
  volume = {98},
  url = {http://dx.doi.org/10.1086/192158},
  doi = {10.1086/192158},
  journal = {The Astrophysical Journal Supplement Series},
  publisher = {IOP Publishing},
  author = {Veilleux, S. and Kim, D.-C. and Sanders, D. B. and Mazzarella, J. M. and Soifer, B. T.},
  year = {1995},
  month = {May},
  pages = {171},
}


@article{escu_Murray_Nichol_et_al__2010,
  title = {{GALAXY ZOO: THE PROPERTIES OF MERGING GALAXIES IN THE NEARBY UNIVERSE - LOCAL ENVIRONMENTS, COLOURS, MASSES, STAR FORMATION RATES AND AGN ACTIVITY}},
  volume = {401},
  url = {http://dx.doi.org/10.1111/j.1365-2966.2009.15786.x},
  doi = {10.1111/j.1365-2966.2009.15786.x},
  number = {3},
  journal = {Monthly Notices of the Royal Astronomical Society},
  publisher = {Oxford University Press (OUP)},
  author = {Darg, D. W. and Kaviraj, S. and Lintott, C. J. and Schawinski, K. and Sarzi, M. and Bamford, S. and Silk, J. and Andreescu, D. and Murray, P. and Nichol, R. C. and},
  year = {2010},
  month = {Jan},
  pages = {1552-1563},
}


@article{Shen_Liu_Greene_Strauss_2011,
  title = {{TYPE 2 ACTIVE GALACTIC NUCLEI (AGN) WITH DOUBLE-PEAKED [O III] LINES. II. SINGLE AGN WITH COMPLEX NARROW-LINE REGION KINEMATICS ARE MORE COMMON THAN BINARY AGN}},
  volume = {735},
  url = {http://dx.doi.org/10.1088/0004-637X/735/1/48},
  doi = {10.1088/0004-637X/735/1/48},
  number = {1},
  journal = {The Astrophysical Journal},
  publisher = {IOP Publishing},
  author = {Shen, Y. and Liu, X. and Greene, J. E. and Strauss, M. A.},
  year = {2011},
  month = {Jul},
  pages = {48},
}


@article{Ge_Hu_Wang_Bai_Zhang_2012,
  title = {{DOUBLE-PEAKED NARROW EMISSION-LINE GALAXIES FROM THE SLOAN DIGITAL SKY SURVEY (SDSS). I. SAMPLE & BASIC PROPERTIES}},
  volume = {201},
  url = {http://dx.doi.org/10.1088/0067-0049/201/2/31},
  doi = {10.1088/0067-0049/201/2/31},
  number = {2},
  journal = {The Astrophysical Journal Supplement Series},
  publisher = {IOP Publishing},
  author = {Ge, J.-Q. and Hu, C. and Wang, J.-M. and Bai, J.-M. and Zhang, S.},
  year = {2012},
  month = {Aug},
  pages = {31},
}


@article{rford_Schluns_Greene_Cool_2013,
  title = {{DUAL SUPERMASSIVE BLACK HOLE CANDIDATES IN THE AGN & GALAXY EVOLUTION SURVEY}},
  volume = {777},
  url = {http://dx.doi.org/10.1088/0004-637X/777/1/64},
  doi = {10.1088/0004-637X/777/1/64},
  number = {1},
  journal = {The Astrophysical Journal},
  publisher = {IOP Publishing},
  author = {Comerford, J. M. and Schluns, K. and Greene, J. E. and Cool, R. J.},
  year = {2013},
  month = {Nov},
  pages = {64},
}


@article{Dotti_Bellovary_Callegari_2012,
  title = {{OBSERVABILITY OF DUAL ACTIVE GALACTIC NUCLEI IN MERGING GALAXIES}},
  volume = {748},
  url = {http://dx.doi.org/10.1088/2041-8205/748/1/L7},
  doi = {10.1088/2041-8205/748/1/L7},
  number = {1},
  journal = {The Astrophysical Journal},
  publisher = {IOP Publishing},
  author = {Van Wassenhove, S. and Volonteri, M. and Mayer, L. and Dotti, M. and Bellovary, J. and Callegari, S.},
  year = {2012},
  month = {Mar},
  pages = {L7},
}


@article{a_Eichhorn_Makino_Spurzem_2010,
  title = {{TRIPLETS OF SUPERMASSIVE BLACK HOLES: ASTROPHYSICS, GRAVITATIONAL WAVES & DETECTION}},
  volume = {402},
  url = {http://dx.doi.org/10.1111/j.1365-2966.2009.16104.x},
  doi = {10.1111/j.1365-2966.2009.16104.x},
  number = {4},
  journal = {Monthly Notices of the Royal Astronomical Society},
  publisher = {Oxford University Press (OUP)},
  author = {Amaro-Seoane, P. and Sesana, A. and Hoffman, L. and Benacquista, M. and Eichhorn, C. and Makino, J. and Spurzem, R.},
  year = {2010},
  month = {Mar},
  pages = {2308-2320},
}


@article{Levine_Gnedin_Hamilton_2010,
  title = {{MEASURING GAS ACCRETION AND ANGULAR MOMENTUM NEAR SIMULATED SUPERMASSIVE BLACK HOLES}},
  volume = {716},
  url = {http://dx.doi.org/10.1088/0004-637X/716/2/1386},
  doi = {10.1088/0004-637X/716/2/1386},
  number = {2},
  journal = {The Astrophysical Journal},
  publisher = {IOP Publishing},
  author = {Levine, R. and Gnedin, N. Y. and Hamilton, A. J. S.},
  year = {2010},
  month = {Jun},
  pages = {1386-1396},
}


@article{Hoffman_Loeb_2007,
  title = {{DYNAMICS OF TRIPLE BLACK HOLE SYSTEMS IN HIERARCHICALLY MERGING MASSIVE GALAXIES}},
  volume = {377},
  url = {http://dx.doi.org/10.1111/j.1365-2966.2007.11694.x},
  doi = {10.1111/j.1365-2966.2007.11694.x},
  number = {3},
  journal = {Monthly Notices of the Royal Astronomical Society},
  publisher = {Oxford University Press (OUP)},
  author = {Hoffman, L. and Loeb, A.},
  year = {2007},
  month = {May},
  pages = {957-976},
}


@article{Liu_Greene_Shen_Strauss_2010,
  title = {{DISCOVERY OF FOUR kpc-SCALE BINARY ACTIVE GALACTIC NUCLEI}},
  volume = {715},
  url = {http://dx.doi.org/10.1088/2041-8205/715/1/L30},
  doi = {10.1088/2041-8205/715/1/L30},
  number = {1},
  journal = {The Astrophysical Journal},
  publisher = {IOP Publishing},
  author = {Liu, X. and Greene, J.E. and Shen, Y. and Strauss, M. A.},
  year = {2010},
  month = {May},
  pages = {L30-L34},
}


@article{obel_Comerford_Middelberg_2014,
  title = {{CONSTRAINTS ON TWO ACTIVE GALACTIC NUCLEI IN THE MERGER REMNANT COSMOS J100043.15+020637.2}},
  volume = {782},
  url = {http://dx.doi.org/10.1088/0004-637X/782/2/116},
  doi = {10.1088/0004-637X/782/2/116},
  number = {2},
  journal = {The Astrophysical Journal},
  publisher = {IOP Publishing},
  author = {Wrobel, J. M. and Comerford, J. M. and Middelberg, E.},
  year = {2014},
  month = {Feb},
  pages = {116},
}


@article{Kulkarni_Loeb_2012,
  title = {{FORMATION OF GALACTIC NUCLEI WITH MULTIPLE SUPERMASSIVE BLACK HOLES AT HIGH REDSHIFTS}},
  volume = {422},
  url = {http://dx.doi.org/10.1111/j.1365-2966.2012.20699.x},
  doi = {10.1111/j.1365-2966.2012.20699.x},
  number = {2},
  journal = {Monthly Notices of the Royal Astronomical Society},
  publisher = {Oxford University Press (OUP)},
  author = {Kulkarni, G. and Loeb, A.},
  year = {2012},
  month = {May},
  pages = {1306-1323},
}


@ARTICLE{2009ApJ...702L..82C,
  author = {Comerford, J. M. and Griffith, R. L. and Gerke, B. F. and Cooper, M. C. and Newman, J. A. and Davis, M. and Stern, D.},
  title = {{1.75 h $^{-1}$ kpc SEPARATION DUAL ACTIVE GALACTIC NUCLEI AT z = 0.36 IN THE COSMOS FIELD}},
  journal = {The Astrophysical Journal: Letters},
  archiveprefix = {arXiv},
  eprint = {0906.3517},
  primaryclass = {astro-ph.CO},
  keywords = {galaxies: active, galaxies: individual: COSMOS J100043.15+020637.2, galaxies: interactions, galaxies: nuclei},
  year = {2009},
  month = {sep},
  volume = {702},
  pages = {L82-L86},
  doi = {10.1088/0004-637X/702/1/L82},
  adsurl = {http://adsabs.harvard.edu/abs/2009ApJ...702L..82C},
  adsnote = {Provided by the SAO/NASA Astrophysics Data System},
}


@article{nen_Chapman_Bonning_Chiba_2012,
  title = {{LBQS 0103-2753: A BINARY QUASAR IN A MAJOR MERGER}},
  volume = {744},
  url = {http://dx.doi.org/10.1088/0004-637X/744/2/151},
  doi = {10.1088/0004-637X/744/2/151},
  number = {2},
  journal = {The Astrophysical Journal},
  publisher = {IOP Publishing},
  author = {Shields, G. A. and Rosario, D. J. and Junkkarinen, V. and Chapman, S. C. and Bonning, E. W. and Chiba, T.},
  year = {2012},
  month = {Jan},
  pages = {151},
}


@article{ice_Ivison_Lin_Koo_et_al__2007,
  title = {{THE DEEP2 GALAXY REDSHIFT SURVEY: AEGIS OBSERVATIONS OF A DUAL AGN AT Z = 0.7}},
  volume = {660},
  url = {http://dx.doi.org/10.1086/517968},
  doi = {10.1086/517968},
  number = {1},
  journal = {The Astrophysical Journal},
  publisher = {IOP Publishing},
  author = {Gerke, B. F. and Newman, J. A. and Lotz, J. and Yan, R. and Barmby, P. and Coil, A. L. and Conselice, C. J. and Ivison, R. J. and Lin, L. and Koo, D. C. and et al.},
  year = {2007},
  month = {May},
  pages = {L23-L26},
}


@article{ario_Shields_Smith_Wright_2011,
  title = {{SPATIALLY RESOLVED SPECTROSCOPY OF SDSS J0952+2552: A CONFIRMED DUAL ACTIVE GALACTIC NUCLEUS}},
  volume = {738},
  url = {http://dx.doi.org/10.1088/2041-8205/738/1/L2},
  doi = {10.1088/2041-8205/738/1/L2},
  number = {1},
  journal = {The Astrophysical Journal},
  publisher = {IOP Publishing},
  author = {McGurk, R. C. and Max, C. E. and Rosario, D. J. and Shields, G. A. and Smith, K. L. and Wright, S. A.},
  year = {2011},
  month = {Sep},
  pages = {L2},
}


@article{thews_Neugebauer_Scoville_1988,
  title = {{ULTRALUMINOUS INFRARED GALAXIES & THE ORIGIN OF QUASARS}},
  volume = {325},
  url = {http://dx.doi.org/10.1086/165983},
  doi = {10.1086/165983},
  journal = {The Astrophysical Journal},
  publisher = {IOP Publishing},
  author = {Sanders, D. B. and Soifer, B. T. and Elias, J. H. and Madore, B. F. and Matthews, K. and Neugebauer, G. and Scoville, N. Z.},
  year = {1988},
  month = {Feb},
  pages = {74},
}


@ARTICLE{1997AA...326..537D,
  author = {Duc, P.-A. and Brinks, E. and Wink, J. E. and Mirabel, I. F.},
  title = {{GAS SEGREGATION IN THE INTERACTING GALAXY ARP 105}},
  journal = {Astronomy \& Astrophysics},
  year = {1997},
  month = {oct},
  volume = {326},
  pages = {537-553},
  adsurl = {http://adsabs.harvard.edu/abs/1997A%26A...326..537D},
  adsnote = {Provided by the SAO/NASA Astrophysics Data System},
}


@article{Mihos_Hernquist_1996,
  title = {{GASDYNAMICS & STARBURSTS IN MAJOR MERGERS}},
  volume = {464},
  url = {http://dx.doi.org/10.1086/177353},
  doi = {10.1086/177353},
  journal = {The Astrophysical Journal},
  publisher = {IOP Publishing},
  author = {Mihos, J. C. and Hernquist, L.},
  year = {1996},
  month = {Jun},
  pages = {641},
}


@article{Narayanan_Hayward_Murray_2013,
  title = {{STAR FORMATION IN GALAXY MERGERS WITH REALISTIC MODELS OF STELLAR FEEDBACK & THE INTERSTELLAR MEDIUM}},
  volume = {430},
  url = {http://dx.doi.org/10.1093/mnras/stt017},
  doi = {10.1093/mnras/stt017},
  number = {3},
  journal = {Monthly Notices of the Royal Astronomical Society},
  publisher = {Oxford University Press (OUP)},
  author = {Hopkins, P. F. and Cox, T. J. and Hernquist, L. and Narayanan, D. and Hayward, C. C. and Murray, N.},
  year = {2013},
  month = {Mar},
  pages = {1901-1927},
}


@ARTICLE{2014MNRAS.437.2137S,
  author = {{Scott}, C. and {Kaviraj}, S.},
  title = {{STAR FORMATION & AGN ACTIVITY IN INTERACTING GALAXIES: A NEAR-UV PERSPECTIVE}},
  journal = {Monthly Notices of the Royal Astronmical Society},
  archiveprefix = {arXiv},
  eprint = {1310.5148},
  primaryclass = {astro-ph.GA},
  year = {2014},
  month = {Jan},
  volume = {437},
  pages = {2137-2145},
  doi = {10.1093/mnras/stt2014},
  adsurl = {http://adsabs.harvard.edu/abs/2014MNRAS.437.2137S},
  adsnote = {Provided by the SAO/NASA Astrophysics Data System},
}


@article{Barton_Geller_Kenyon_2000,
  title = {{TIDALLY TRIGGERED STAR FORMATION IN CLOSE PAIRS OF GALAXIES}},
  volume = {530},
  url = {http://dx.doi.org/10.1086/308392},
  doi = {10.1086/308392},
  number = {2},
  journal = {The Astrophysical Journal},
  publisher = {IOP Publishing},
  author = {Barton, E. J. and Geller, M. J. and Kenyon, S. J.},
  year = {2000},
  month = {Feb},
  pages = {660-679},
}


@ARTICLE{1997ApJ...477L..29B,
  author = {Bechtold, J. and Yee, H. K. C. and Elston, R. and Ellingson, E.},
  title = {{H IMAGING OF THE CANDIDATE PROTOGALAXY MS 1512-cB58}},
  journal = {The Astrophysical Journal},
  keywords = {GALAXIES: EVOLUTION GALAXIES: INDIVIDUAL ALPHANUMERIC: MS 1512-CB58, GALAXIES: FORMATION, GALAXIES: STARBURST},
  year = {1997},
  month = {mar},
  volume = {477},
  pages = {L29},
  doi = {10.1086/310520},
  adsurl = {http://adsabs.harvard.edu/abs/1997ApJ...477L..29B},
  adsnote = {Provided by the SAO/NASA Astrophysics Data System},
}


@article{ang_Mo_Jing_van_den_Bosch_2005,
  title = {{GALAXY OCCUPATION STATISTICS OF DARK MATTER HALOES: OBSERVATIONAL RESULTS}},
  volume = {358},
  url = {http://dx.doi.org/10.1111/j.1365-2966.2005.08801.x},
  doi = {10.1111/j.1365-2966.2005.08801.x},
  number = {1},
  journal = {Monthly Notices of the Royal Astronomical Society},
  publisher = {Oxford University Press (OUP)},
  author = {Yang, X. and Mo, H. J. and Jing, Y. P. and van den Bosch, F. C.},
  year = {2005},
  month = {Mar},
  pages = {217-232},
}


@article{Cooray_2006,
  title = {{HALO MODEL AT ITS BEST: CONSTRAINTS ON CONDITIONAL LUMINOSITY FUNCTIONS FROM MEASURED GALAXY STATISTICS}},
  volume = {365},
  author = {Cooray, A.},
  url = {http://dx.doi.org/10.1111/j.1365-2966.2005.09747.x},
  doi = {10.1111/j.1365-2966.2005.09747.x},
  number = {3},
  journal = {Monthly Notices of the Royal Astronomical Society},
  publisher = {Oxford University Press (OUP)},
  year = {2006},
  month = {Jan},
  pages = {842-866},
}


@article{Yang_Mo_Bosch_2003,
  title = {{CONSTRAINING GALAXY FORMATION AND COSMOLOGY WITH THE CONDITIONAL LUMINOSITY FUNCTION OF GALAXIES}},
  volume = {339},
  url = {http://dx.doi.org/10.1046/j.1365-8711.2003.06254.x},
  doi = {10.1046/j.1365-8711.2003.06254.x},
  number = {4},
  journal = {Monthly Notices of the Royal Astronomical Society},
  publisher = {Oxford University Press (OUP)},
  author = {Yang, X. and Mo, H. J. and van den Bosch, F. C.},
  year = {2003},
  month = {Mar},
  pages = {1057-1080},
}


@ARTICLE{2009ApJS..182..543A,
  author = {Abazajian, K. N. and Adelman-McCarthy, J. K. and {Ag{\"u}eros}, M. A. and Allam, S. S. and Allende Prieto, C. and An, D. and Anderson, K. S. J. and Anderson, S.F. and Annis, J. and Bahcall, N.A. and et al.},
  title = {{THE SEVENTH DATA RELEASE OF THE SLOAN DIGITAL SKY SURVEY}},
  journal = {The Astrophysical Journal Supplement Series},
  archiveprefix = {arXiv},
  eprint = {0812.0649},
  keywords = {atlases, catalogs, surveys},
  year = {2009},
  month = {jun},
  volume = {182},
  eid = {543},
  pages = {543-558},
  doi = {10.1088/0067-0049/182/2/543},
  adsurl = {http://adsabs.harvard.edu/abs/2009ApJS..182..543A},
  adsnote = {Provided by the SAO/NASA Astrophysics Data System},
}


@article{Zhou_Wang_Zhang_Dong_Li_2004,
  title = {{OBSCURED BINARY QUASAR CORES IN SDSS J104807.74+005543.5?}},
  volume = {604},
  issn = {1538-4357},
  url = {http://dx.doi.org/10.1086/383310},
  doi = {10.1086/383310},
  number = {1},
  journal = {The Astrophysical Journal},
  publisher = {IOP Publishing},
  author = {Zhou, H. and Wang, T. and Zhang, X. and Dong, X. and Li, C.},
  year = {2004},
  month = {Mar},
  pages = {L33–L36},
}


@article{Xu_Komossa_2009,
  title = {{NARROW DOUBLE-PEAKED EMISSION LINES OF SDSS J131642.90+175332.5: SIGNATURE OF A SINGLE OR A BINARY AGN IN A MERGER JET-CLOUD INTERACTION, OR UNUSUAL NARROW-LINE REGION GEOMETRY}},
  volume = {705},
  issn = {1538-4357},
  url = {http://dx.doi.org/10.1088/0004-637X/705/1/L20},
  doi = {10.1088/0004-637x/705/1/l20},
  number = {1},
  journal = {The Astrophysical Journal},
  publisher = {IOP Publishing},
  author = {Xu, D. and Komossa, S.},
  year = {2009},
  month = {Nov},
  pages = {L20–L24},
}


@ARTICLE{McGurk_Max_Rosario_Shields_Smith_Wright_2011,
  title = {{SPATIALLY RESOLVED SPECTROSCOPY OF SDSS J0952+2552: A CONFIRMED DUAL ACTIVE GALACTIC NUCLEUS}},
  volume = {738},
  issn = {2041-8213},
  url = {http://dx.doi.org/10.1088/2041-8205/738/1/L2},
  doi = {10.1088/2041-8205/738/1/l2},
  number = {1},
  journal = {The Astrophysical Journal},
  publisher = {IOP Publishing},
  author = {McGurk, R. C. and Max, C. E. and Rosario, D. J. and Shields, G. A. and Smith, K. L. and Wright, S. A.},
  year = {2011},
  month = {Sep},
  pages = {L2},
}


@article{Smith_Shields_Bonning_McMullen_Rosario_Salviander_2010,
  title = {{A SEARCH FOR BINARY ACTIVE GALACTIC NUCLEI: DOUBLE-PEAKED [O III] AGNs IN THE SLOAN DIGITAL SKY SURVEY}},
  volume = {716},
  issn = {1538-4357},
  url = {http://dx.doi.org/10.1088/0004-637X/716/1/866},
  doi = {10.1088/0004-637x/716/1/866},
  number = {1},
  journal = {The Astrophysical Journal},
  publisher = {IOP Publishing},
  author = {Smith, K. L. and Shields, G. A. and Bonning, E. W. and McMullen, C. C. and Rosario, D. J. and Salviander, S.},
  year = {2010},
  month = {Jun},
  pages = {866–877},
}


@article{Wang_Chen_Hu_Mao_Zhang_Bian_2009,
  title = {{ACTIVE GALACTIC NUCLEI WITH DOUBLE-PEAKED NARROW LINES: ARE THEY DUAL ACTIVE GALACTIC NUCLEI?}},
  volume = {705},
  issn = {1538-4357},
  url = {http://dx.doi.org/10.1088/0004-637X/705/1/L76},
  doi = {10.1088/0004-637x/705/1/l76},
  number = {1},
  journal = {The Astrophysical Journal},
  publisher = {IOP Publishing},
  author = {Wang, J.-M. and Chen, Y.-M. and Hu, C. and Mao, W.-M. and Zhang, S. and Bian, W.-H.},
  year = {2009},
  month = {Nov},
  pages = {L76–L80},
}


@article{Fu_Yan_Myers_Stockton_Djorgovski_Aldering_Rich_2012,
  title = {{THE NATURE OF DOUBLE-PEAKED [O III] ACTIVE GALACTIC NUCLEI}},
  volume = {745},
  issn = {1538-4357},
  url = {http://dx.doi.org/10.1088/0004-637X/745/1/67},
  doi = {10.1088/0004-637x/745/1/67},
  number = {1},
  journal = {The Astrophysical Journal},
  publisher = {IOP Publishing},
  author = {Fu, H. and Yan, L. and Myers, A. D. and Stockton, A. and Djorgovski, S. G. and Aldering, G. and Rich, J. A.},
  year = {2012},
  month = {Jan},
  pages = {67},
}


@ARTICLE{Wizinowich_2006,
  title = {{THE W. M. KECK OBSERVATORY LASER GUIDE STAR ADAPTIVE OPTICS SYSTEM: OVERVIEW}},
  volume = {118},
  number = {840},
  journal = {The Publications of the Astronomical Society of the Pacific},
  publisher = {University of Chicago Press},
  author = {Wizinowich, P.L. and Le Mignant, D. and Bouchez, A.H. and Campbell, R.D. and Chin, J. and Contos, A.R. and van Dam, M. A. and Hartman, S.K. and Johansson, E.M. and Lafon, R.E. and et al.},
  year = {2006},
  month = {Feb},
  pages = {297–309},
}


@article{Larkin_Barczys_2006,
  title = {{OSIRIS: A DIFFRACTION LIMITED INTEGRAL FIELD SPECTROGRAPH FOR KECK}},
  volume = {50},
  number = {4-5},
  journal = {New Astronomy Reviews},
  publisher = {Elsevier BV},
  author = {Larkin, J. and Barczys, M. and Krabbe, A. and Adkins, S. and Aliado, T. and Amico, P. and Brims, G. and Campbell, R. and Canfield, J. and Gasaway, T. and et al.},
  year = {2006},
  month = {Jun},
  pages = {362–364},
}


@article{Ho_Keto_2007,
  title = {{THE MID-IR FINE-STRUCTURE LINES OF NEON AS AN INDICATOR OF STAR FORMATION RATE IN GALAXIES}},
  volume = {658},
  issn = {1538-4357},
  url = {http://dx.doi.org/10.1086/511260},
  doi = {10.1086/511260},
  number = {1},
  journal = {The Astrophysical Journal},
  publisher = {IOP Publishing},
  author = {Ho, L. C. and Keto, E.},
  year = {2007},
  month = {Mar},
  pages = {314–318},
}


@article{Sturm_Lutz_Verma_Netzer_Sternberg_Moorwood_Oliva_Genzel_2002,
  title = {{MID-INFRARED LINE DIAGNOSTICS OF ACTIVE GALAXIES}},
  volume = {393},
  issn = {1432-0756},
  url = {http://dx.doi.org/10.1051/0004-6361:20021043},
  doi = {10.1051/0004-6361:20021043},
  number = {3},
  journal = {Astronomy & Astrophysics},
  publisher = {EDP Sciences},
  author = {Sturm, E. and Lutz, D. and Verma, A. and Netzer, H. and Sternberg, A. and Moorwood, A. F. M. and Oliva, E. and Genzel, R.},
  year = {2002},
  month = {Oct},
  pages = {821–841},
}


@ARTICLE{2000SPIE.4008..129P,
  author = {{Pasquini}, L. and {Avila}, G. and {Allaert}, E. and {Ballester}, P. and {Biereichel}, P. and {Buzzoni}, B. and {Cavadore}, C. and {Dekker}, H. and {Delabre}, B. and {Ferraro}, F. and {Hill}, V. and {Kaufer}, A. and {Kotzlowski}, H. and {Lizon}, J.-L. and {Longinotti}, A. and {Moureau}, S. and {Palsa} R. and {Zaggia}, S.},
  title = {{FLAMES: A MULTI-OBJECT FIBER FACILITY FOR THE VLT}},
  booktitle = {Optical and IR Telescope Instrumentation and Detectors},
  year = {2000},
  series = {Society of Photo-Optical Instrumentation Engineers (SPIE) Conference Series},
  volume = {4008},
  month = {aug},
  pages = {129-140},
  adsurl = {http://adsabs.harvard.edu/abs/2000SPIE.4008..129P},
  adsnote = {Provided by the SAO/NASA Astrophysics Data System},
}


@INPROCEEDINGS{2000SPIE.4008..534D,
  author = {{Dekker}, H. and {D'Odorico}, S. and {Kaufer}, A. and {Delabre}, B. and {Kotzlowski}, H.},
  title = {{DESIGN CONSTRUCTION, AND PERFORMANCE OF UVES, THE ECHELLE SPECTROGRAPH FOR THE UT2 KUEYEN TELESCOPE AT THE ESO PARANAL OBSERVATORY}},
  booktitle = {Optical and IR Telescope Instrumentation and Detectors},
  year = {2000},
  series = {Society of Photo-Optical Instrumentation Engineers (SPIE) Conference Series},
  volume = {4008},
  month = {aug},
  pages = {534-545},
  adsurl = {http://adsabs.harvard.edu/abs/2000SPIE.4008..534D},
  adsnote = {Provided by the SAO/NASA Astrophysics Data System},
}


@ARTICLE{2000SPIE.4008..475J,
  author = {{Jocou}, L. and {Guinouard}, I. and {Hammer}, F. and {Lenoir}, H.},
  title = {{DEVELOPMENT OF FOUR MULTIFIBER LINKS FOR THE FLAMES PROJECT}},
  booktitle = {Optical and IR Telescope Instrumentation and Detectors},
  year = {2000},
  series = {Society of Photo-Optical Instrumentation Engineers (SPIE) Conference Series},
  volume = {4008},
  month = {AUG},
  pages = {475-484},
}


@article{Kewley_Dopita_Sutherland_Heisler_Trevena_2001,
  title = {{THEORETICAL MODELING OF STARBURST GALAXIES}},
  volume = {556},
  issn = {1538-4357},
  url = {http://dx.doi.org/10.1086/321545},
  doi = {10.1086/321545},
  number = {1},
  journal = {The Astrophysical Journal},
  publisher = {IOP Publishing},
  author = {Kewley, L. J. and Dopita, M. A. and Sutherland, R. S. and Heisler, C. A. and Trevena, J.},
  year = {2001},
  month = {Jul},
  pages = {121–140},
}


@article{Narayanan_Groppi_Kulesa_Walker_2005,
  title = {{WARM DENSE MOLECULAR GAS IN THE ISM OF STARBURSTS, LIRGs, AND ULIRGs}},
  volume = {630},
  issn = {1538-4357},
  url = {http://dx.doi.org/10.1086/431171},
  doi = {10.1086/431171},
  number = {1},
  journal = {The Astrophysical Journal},
  publisher = {IOP Publishing},
  author = {Narayanan, D. and Groppi, Christopher E. and Kulesa, C. A. and Walker, C. K.},
  year = {2005},
  month = {Sep},
  pages = {269–279},
}


@article{Tissera_Dominguez-Tenreiro_Scannapieco_Saiz_2002,
  title = {{DOUBLE STARBURSTS TRIGGERED BY MERGERS IN HIERARCHICAL CLUSTERING SCENARIOS}},
  volume = {333},
  issn = {1365-2966},
  url = {http://dx.doi.org/10.1046/j.1365-8711.2002.05385.x},
  doi = {10.1046/j.1365-8711.2002.05385.x},
  number = {2},
  journal = {Monthly Notices of the Royal Astronomical Society},
  publisher = {Oxford University Press (OUP)},
  author = {Tissera, P. B. and Dominguez-Tenreiro, R. and Scannapieco, C. and Saiz, A.},
  year = {2002},
  month = {Jun},
  pages = {327–338},
}


@article{Hopkins_2012,
  title = {{DYNAMICAL DELAYS BETWEEN STARBURST AND AGN ACTIVITY IN GALAXY NUCLEI}},
  volume = {420},
  issn = {1745-3925},
  url = {http://dx.doi.org/10.1111/j.1745-3933.2011.01179.x},
  doi = {10.1111/j.1745-3933.2011.01179.x},
  number = {1},
  journal = {Monthly Notices of the Royal Astronomical Society: Letters},
  publisher = {Oxford University Press (OUP)},
  author = {Hopkins, P. F.},
  year = {2012},
  month = {Feb},
  pages = {L8–L12},
}


@article{Berczik_Merritt_Spurzem_Bischof_2006,
  title = {{EFFICIENT MERGER OF BINARY SUPERMASSIVE BLACK HOLES IN NON-AXISYMMETRIC GALAXIES}},
  volume = {642},
  issn = {1538-4357},
  url = {http://dx.doi.org/10.1086/504426},
  doi = {10.1086/504426},
  number = {1},
  journal = {The Astrophysical Journal},
  publisher = {IOP Publishing},
  author = {Berçzik, P. and Merritt, D. and Spurzem, R. and Bischof, H.-P.},
  year = {2006},
  month = {May},
  pages = {L21–L24},
}


@article{Guedes_Madau_Mayer_Callegari_2011,
  title = {{RECOILING MASSIVE BLACK HOLES IN GAS-RICH GALAXY MERGERS}},
  volume = {729},
  issn = {1538-4357},
  url = {http://dx.doi.org/10.1088/0004-637X/729/2/125},
  doi = {10.1088/0004-637x/729/2/125},
  number = {2},
  journal = {The Astrophysical Journal},
  publisher = {IOP Publishing},
  author = {Guedes, J. and Madau, P. and Mayer, L. and Callegari, S.},
  year = {2011},
  month = {Mar},
  pages = {125},
}


@article{Iwasawa_An_Matsubayashi_Funato_Makino_2011,
  title = {{ECCENTRIC EVOLUTION OF SUPERMASSIVE BLACK HOLE BINARIES}},
  volume = {731},
  issn = {2041-8213},
  url = {http://dx.doi.org/10.1088/2041-8205/731/1/L9},
  doi = {10.1088/2041-8205/731/1/l9},
  number = {1},
  journal = {The Astrophysical Journal},
  publisher = {IOP Publishing},
  author = {Iwasawa, M. and An, S. and Matsubayashi, T. and Funato, Y. and Makino, J.},
  year = {2011},
  month = {Apr},
  pages = {L9},
}


@article{HopkinsSpringel_2005,
  title = {{BLACK HOLES IN GALAXY MERGERS: EVOLUTION OF QUASARS}},
  volume = {630},
  issn = {1538-4357},
  url = {http://dx.doi.org/10.1086/432438},
  doi = {10.1086/432438},
  number = {2},
  journal = {The Astrophysical Journal},
  publisher = {IOP Publishing},
  author = {Hopkins, P. F. and Hernquist, L. and Cox, T. J. and Di Matteo, T. and Martini, P. and Robertson, B. and Springel, V.},
  year = {2005},
  month = {Sep},
  pages = {705–715},
}


@ARTICLE{2010ApJ...715..202H,
  author = {Hopkins, P. F. and Bundy, K. and Croton, D. and Hernquist, L. and Keres, D. and Khochfar, S. and Stewart, K. and Wetzel, A. and Younger, J. D.},
  title = {{MERGERS AND BULGE FORMATION IN ΔCDM: WHICH MERGERS MATTER?}},
  journal = {The Astrophysical Journal},
  eprint = {0906.5357},
  primaryclass = {astro-ph.CO},
  year = {2010},
  month = {may},
  volume = {715},
  pages = {202-229},
}


@ARTICLE{2009ApJ...698L.116P,
  author = {Pannella, M. and Carilli, C. L. and Daddi, E. and McCracken, H. J. and Owen, F. N. and Renzini, A. and Strazzullo, V. and Civano, F. and Koekemoer, A. M. and Schinnerer, E. and Scoville, N. and Smol{\v c}i{\'c}, V. and Taniguchi, Y. and Aussel, H. and Kneib, J. P. and Ilbert, O. and Mellier, Y. and Salvato, M. and Thompson, D. and Willott, C. J.},
  title = {{STAR FORMATION AND DUST OBSCURATION AT Z ≈ 2: GALAXIES AT THE DAWN OF DOWNSIZING}},
  journal = {The Astrophysical Journal: Letters},
  primaryclass = {astro-ph.CO},
  keywords = {galaxies: evolution, galaxies: fundamental parameters, galaxies: ISM, galaxies: luminosity function, mass function, galaxies: statistics, surveys},
  year = {2009},
  month = {jun},
  volume = {698},
  pages = {L116-L120},
  doi = {10.1088/0004-637X/698/2/L116},
  adsurl = {http://adsabs.harvard.edu/abs/2009ApJ...698L.116P},
  adsnote = {Provided by the SAO/NASA Astrophysics Data System},
}


@article{Bahcall_Kirhakos_Saxe_Schneider_1997,
  title = {{HUBBLE SPACE TELESCOPE IMAGES OF A SAMPLE OF 20 NEARBY LUMINOUS QUASARS}},
  volume = {479},
  issn = {1538-4357},
  url = {http://dx.doi.org/10.1086/303926},
  doi = {10.1086/303926},
  number = {2},
  journal = {The Astrophysical Journal},
  publisher = {IOP Publishing},
  author = {Bahcall, J. N. and Kirhakos, S. and Saxe, D. H. and Schneider, D. P.},
  year = {1997},
  month = {Apr},
  pages = {642–658},
}


@article{Bennert_2008,
  title = {{EVIDENCE FOR MERGER REMNANTS IN EARLY‐TYPE HOST GALAXIES OF LOW‐REDSHIFT QSOs}},
  volume = {677},
  issn = {1538-4357},
  url = {http://dx.doi.org/10.1086/529068},
  doi = {10.1086/529068},
  number = {2},
  journal = {The Astrophysical Journal},
  publisher = {IOP Publishing},
  author = {Bennert, N. and Canalizo, G. and Jungwiert, B. and Stockton, A. and Schweizer, F. and Peng, C. Y. and Lacy, M.},
  year = {2008},
  month = {Apr},
  pages = {846–857},
}


@article{Keel_1996,
  title = {{SEYFERT GALAXIES WITH COMPANIONS: ORBITAL AND KINEMATIC CLUES TO AGN TRIGGERING}},
  volume = {111},
  issn = {0004-6256},
  url = {http://dx.doi.org/10.1086/117816},
  doi = {10.1086/117816},
  journal = {The Astronomical Journal},
  publisher = {IOP Publishing},
  author = {Keel, W. C.},
  year = {1996},
  month = {Feb},
  pages = {696},
}


@article{Sanders_1988,
  title = {{ULTRALUMINOUS INFRARED GALAXIES AND THE ORIGIN OF QUASARS}},
  volume = {325},
  issn = {1538-4357},
  url = {http://dx.doi.org/10.1086/165983},
  doi = {10.1086/165983},
  journal = {The Astrophysical Journal},
  publisher = {IOP Publishing},
  author = {Sanders, D. B. and Soifer, B. T. and Elias, J. H. and Madore, B. F. and Matthews, K. and Neugebauer, G. and Scoville, N. Z.},
  year = {1988},
  month = {Feb},
  pages = {74},
}


@article{Hutchings_1988,
  title = {{TIDAL INTERACTIONS AND INFRARED-BRIGHT QSOs}},
  volume = {96},
  issn = {0004-6256},
  url = {http://dx.doi.org/10.1086/114907},
  doi = {10.1086/114907},
  journal = {The Astronomical Journal},
  publisher = {IOP Publishing},
  author = {Hutchings, J. B. and Neff, S. G.},
  year = {1988},
  month = {Nov},
  pages = {1575},
}


@article{Graham_1990,
  title = {{THE DOUBLE NUCLEUS OF ARP 220 UNVEILED}},
  volume = {354},
  issn = {1538-4357},
  url = {http://dx.doi.org/10.1086/185709},
  doi = {10.1086/185709},
  journal = {The Astrophysical Journal},
  publisher = {IOP Publishing},
  author = {Graham, J. R. and Carico, D. P. and Matthews, K. and Neugebauer, G. and Soifer, B. T. and Wilson, T. D.},
  year = {1990},
  month = {May},
  pages = {L5},
}


@article{Schmitt_2001,
  title = {{THE FREQUENCY OF ACTIVE AND QUIESCENT GALAXIES WITH COMPANIONS: IMPLICATIONS FOR THE FEEDING OF THE NUCLEUS}},
  volume = {122},
  issn = {0004-6256},
  url = {http://dx.doi.org/10.1086/323547},
  doi = {10.1086/323547},
  number = {5},
  journal = {The Astronomical Journal},
  publisher = {IOP Publishing},
  author = {Schmitt, H. R.},
  year = {2001},
  month = {Nov},
  pages = {2243–2256},
}


@article{Alonso_2007,
  title = {{ACTIVE GALACTIC NUCLEI AND GALAXY INTERACTIONS}},
  volume = {375},
  issn = {1365-2966},
  url = {http://dx.doi.org/10.1111/j.1365-2966.2007.11367.x},
  doi = {10.1111/j.1365-2966.2007.11367.x},
  number = {3},
  journal = {Monthly Notices of the Royal Astronomical Society},
  publisher = {Oxford University Press (OUP)},
  author = {Alonso, M. S. and Lambas, D. G. and Tissera, P. and Coldwell, G.},
  year = {2007},
  month = {Mar},
  pages = {1017–1024},
}


@ARTICLE{1999ApSS.266..207M,
  author = {Maloney, P. R.},
  title = {{THE IMPACT OF STAR FORMATION AND ACTIVE NUCLEI ON THE INTERSTELLAR MEDIUM IN ULTRALUMINOUS INFRARED GALAXIES}},
  journal = {Astrophysics and Space Science},
  eprint = {astro-ph/9903275},
  year = {1999},
  volume = {266},
  pages = {207-230},
  adsurl = {http://adsabs.harvard.edu/abs/1999Ap%26SS.266..207M},
  adsnote = {Provided by the SAO/NASA Astrophysics Data System},
}


@ARTICLE{2004AAS...204.4905B,
  author = {Begelman, M. C.},
  title = {{THEORETICAL MODELS FOR ULTRA-LUMINOUS X-RAY SOURCES}},
  booktitle = {American Astronomical Society Meeting Abstracts #204},
  year = {2004},
  journal = {Bulletin of the American Astronomical Society},
  volume = {36},
  month = {may},
  pages = {749},
  adsurl = {http://adsabs.harvard.edu/abs/2004AAS...204.4905B},
  adsnote = {Provided by the SAO/NASA Astrophysics Data System},
}


@article{Di_Matteo_2005,
  doi = {10.1038/nature03335},
  url = {http://dx.doi.org/10.1038/nature03335},
  year = {2005},
  month = {feb},
  publisher = {Nature Publishing Group},
  volume = {433},
  number = {7026},
  pages = {604--607},
  author = {Tiziana Di Matteo and Volker Springel and Lars Hernquist},
  title = {{Energy input from quasars regulates the growth and activity of black holes and their host galaxies}},
  journal = {Nature},
}


@ARTICLE{1998ApJ...498..579G,
  author = {{Genzel}, R. and {Lutz} D. and {Sturm} E. and {Egami} E. and {Kunze} D. and {Moorwood} A. F. M. and {Rigopoulou} D. and {Spoon} H. W. W. and {Sternberg} A. and {Tacconi-Garman} L. E. and {Tacconi} L. and {Thatte} N.},
  title = {{WHAT POWERS ULTRALUMINOUS IRAS GALAXIES?}},
  journal = {The Astrophysical Journal},
  eprint = {astro-ph/9711255},
  keywords = {GALAXIES: STELLAR CONTENT GALAXIES: STARBURST, GALAXIES: NUCLEI, INFRARED: GALAXIES},
  year = {1998},
  month = {may},
  volume = {498},
  pages = {579},
  doi = {10.1086/305576},
  adsurl = {http://adsabs.harvard.edu/abs/1998ApJ...498..579G},
  adsnote = {Provided by the SAO/NASA Astrophysics Data System},
}


@ARTICLE{2004Msngr.117...12L,
  author = {{Lagage}, P. O. and {Pel} J. W. and {Authier} M. and {Belorgey} J. and {Claret} A. and {Doucet} C. and {Dubreuil} D. and {Durand} G. and {Elswijk} E. and {Girardot} P. and {K{\"a}ufl} H. U. and {Kroes} G. and {Lortholary} M. and {Lussignol} Y. and {Marchesi} M. and {Pantin} E. and {Peletier} R. and {Pirard} J. F. and {Pragt} J. and {Rio} Y. and {Schoenmaker} T. and {Siebenmorgen} R. and {Silber} A. and {Smette} A. and {Sterzik} M. and {Veyssiere} C.},
  title = {{SUCCESSFUL COMMISSIONING OF VISIR: THE MID-INFRARED VLT INSTRUMENT}},
  journal = {The Messenger},
  year = {2004},
  month = {sep},
  volume = {117},
  pages = {12-16},
  adsurl = {http://adsabs.harvard.edu/abs/2004Msngr.117...12L},
  adsnote = {Provided by the SAO/NASA Astrophysics Data System},
}


@article{Sturm_2002,
  title = {{MID-INFRARED LINE DIAGNOSTICS OF ACTIVE GALAXIES}},
  volume = {393},
  issn = {1432-0756},
  url = {http://dx.doi.org/10.1051/0004-6361:20021043},
  doi = {10.1051/0004-6361:20021043},
  number = {3},
  journal = {Astronomy & Astrophysics},
  publisher = {EDP Sciences},
  author = {Sturm, E. and Lutz, D. and Verma, A. and Netzer, H. and Sternberg, A. and Moorwood, A. F. M. and Oliva, E. and Genzel, R.},
  year = {2002},
  month = {Oct},
  pages = {821–841},
}


@article{Woodgate_1998,
  title = {{THE SPACE TELESCOPE IMAGING SPECTROGRAPH DESIGN}},
  volume = {110},
  issn = {1538-3873},
  url = {http://dx.doi.org/10.1086/316243},
  doi = {10.1086/316243},
  number = {752},
  journal = {PUBL ASTRON SOC PAC},
  publisher = {University of Chicago Press},
  author = {Woodgate, B.E. and Kimble, R. A. and Bowers, C.W. and Kraemer, S. and Kaiser, M.E. and Danks, A.C. and Grady, J.F. and Loiacono, J.J. and Brumfield, M. and Feinberg, L. and et al.},
  year = {1998},
  month = {Oct},
  pages = {1183–1204},
}


@article{Baldwin_1981,
  title = {{CLASSIFICATION PARAMETERS FOR THE EMISSION-LINE SPECTRA OF EXTRAGALACTIC OBJECTS}},
  volume = {93},
  issn = {1538-3873},
  url = {http://dx.doi.org/10.1086/130766},
  doi = {10.1086/130766},
  journal = {Publications of the Astronomical Society of the Pacific},
  publisher = {University of Chicago Press},
  author = {Baldwin, J. A. and Phillips, M. M. and Terlevich, R.},
  year = {1981},
  month = {Feb},
  pages = {5},
}


@article{Kauffmann_2003,
  doi = {10.1046/j.1365-8711.2003.06291.x},
  url = {http://dx.doi.org/10.1046/j.1365-8711.2003.06291.x},
  year = {2003},
  month = {may},
  publisher = {Oxford University Press ({OUP})},
  volume = {341},
  number = {1},
  pages = {33--53},
  author = {Guinevere Kauffmann and Timothy M. Heckman and D. M. Simon White and St{\'{e}}phane Charlot and Christy Tremonti and Jarle Brinchmann and Gustavo Bruzual and Eric W. Peng and Mark Seibert and Mariangela Bernardi and Michael Blanton and Jon Brinkmann and Francisco Castander and Istvan Cs{\'{a}}bai and Masataka Fukugita and Zeljko Ivezic and Jeffrey A. Munn and Robert C. Nichol and Nikhil Padmanabhan and Aniruddha R. Thakar and David H. Weinberg and Donald York},
  title = {{Stellar masses and star formation histories for 10 5 galaxies from the Sloan Digital Sky Survey}},
  journal = {Monthly Notices of the Royal Astronomical Society},
}


@article{Kewley_2006,
  title = {{THE HOST GALAXIES AND CLASSIFICATION OF ACTIVE GALACTIC NUCLEI}},
  volume = {372},
  issn = {1365-2966},
  url = {http://dx.doi.org/10.1111/j.1365-2966.2006.10859.x},
  doi = {10.1111/j.1365-2966.2006.10859.x},
  number = {3},
  journal = {Monthly Notices of the Royal Astronomical Society},
  publisher = {Oxford University Press (OUP)},
  author = {Kewley, L. J. and Groves, B. and Kauffmann, G. and Heckman, T.},
  year = {2006},
  month = {Nov},
  pages = {961–976},
}


@article{Delgado_2001,
  title = {{THE NUCLEAR AND CIRCUMNUCLEAR STELLAR POPULATION IN SEYFERT 2 GALAXIES: IMPLICATIONS FOR THE STARBURST-ACTIVE GALACTIC NUCLEUS CONNECTION}},
  volume = {546},
  issn = {1538-4357},
  url = {http://dx.doi.org/10.1086/318295},
  doi = {10.1086/318295},
  number = {2},
  journal = {The Astrophysical Journal},
  publisher = {IOP Publishing},
  author = {Gonzalez-Delgado, R. M.  and Heckman, T. and Leitherer, C.},
  year = {2001},
  month = {Jan},
  pages = {845–865},
}


@article{Storchi_Bergmann_2001,
  title = {{CIRCUMNUCLEAR STELLAR POPULATION, MORPHOLOGY AND ENVIRONMENT OF SEYFERT 2 GALAXIES: AN EVOLUTIONARY SCENARIO}},
  volume = {559},
  issn = {1538-4357},
  url = {http://dx.doi.org/10.1086/322290},
  doi = {10.1086/322290},
  number = {1},
  journal = {The Astrophysical Journal},
  publisher = {IOP Publishing},
  author = {Storchi‐Bergmann, T. and Gonzalez-Delgado, R. M. and Schmitt, H. R. and Cid Fernandes, R. and Heckman, T.},
  year = {2001},
  month = {Sep},
  pages = {147–156},
}


@article{Sarzi_2006,
  doi = {10.1111/j.1365-2966.2005.09839.x},
  url = {http://dx.doi.org/10.1111/j.1365-2966.2005.09839.x},
  year = {2006},
  month = {mar},
  publisher = {Oxford University Press ({OUP})},
  volume = {366},
  number = {4},
  pages = {1151--1200},
  author = {M. Sarzi and J. Falcon-Barroso and R. L. Davies and R. Bacon and M. Bureau and M. Cappellari and P. Tim de Zeeuw and E. Emsellem and K. Fathi and D. Krajnovic and H. Kuntschner and R. M. McDermid and R. F. Peletier},
  title = {{THE {SAURON} PROJECT--V. INTEGRAL-FIELD EMISSION-LINE KINEMATICS OF 48 ELLIPTICAL AND LENTICULAR GALAXIES}},
  journal = {Monthly Notices of the Royal Astronomical Society},
}


@article{Comerford_2009,
  title = {{INSPIRALLING SUPERMASSIVE BLACK HOLES: A NEW SIGNPOST FOR GALAXY MERGERS}},
  volume = {698},
  issn = {1538-4357},
  url = {http://dx.doi.org/10.1088/0004-637X/698/1/956},
  doi = {10.1088/0004-637x/698/1/956},
  number = {1},
  journal = {The Astrophysical Journal},
  publisher = {IOP Publishing},
  author = {Comerford, J. M. and Gerke, B. F. and Newman, J. A. and Davis, M. and Yan, R. and Cooper, M. C. and Faber, S. M. and Koo, D. C. and Coil, A. L. and Rosario, D. J. and et al.},
  year = {2009},
  month = {Jun},
  pages = {956–965},
}


@article{Vander_Plas2012,
  title = {{INTRODUCTION TO astroML: MACHINE LEARNING FOR ASTROPHYSICS}},
  doi = {10.1109/cidu.2012.6382200},
  journal = {2012 Conference on Intelligent Data Understanding},
  publisher = {IEEE},
  author = {Ivezi{\' c}, Z. and {Connolly}, A.J. and {Vanderplas}, J.T. and {Gray}, A.},
}


@article{Van_Wassenhove_2014,
  title = {{NUCLEAR COUPS: DYNAMICS OF BLACK HOLES IN GALAXY MERGERS}},
  volume = {439},
  issn = {1365-2966},
  url = {http://dx.doi.org/10.1093/mnras/stu024},
  doi = {10.1093/mnras/stu024},
  number = {1},
  journal = {Monthly Notices of the Royal Astronomical Society},
  publisher = {Oxford University Press (OUP)},
  author = {Van Wassenhove, S. and Capelo, P. R. and Volonteri, M. and Dotti, M. and Bellovary, J. M. and Mayer, L. and Governato, F.},
  year = {2014},
  month = {Mar},
  pages = {474–487},
}


@article{Yu_2011,
  title = {{THE LOW FREQUENCY OF DUAL ACTIVE GALACTIC NUCLEI VERSUS THE HIGH MERGER RATE OF GALAXIES: A PHENOMENOLOGICAL MODEL}},
  volume = {738},
  issn = {1538-4357},
  url = {http://dx.doi.org/10.1088/0004-637X/738/1/92},
  doi = {10.1088/0004-637x/738/1/92},
  number = {1},
  journal = {The Astrophysical Journal},
  publisher = {IOP Publishing},
  author = {Yu, Q. and Lu, Y. and Mohayaee, R. and Colin, J.},
  year = {2011},
  month = {Sep},
  pages = {92},
}


@article{Shen_2010,
  title = {{IDENTIFYING SUPERMASSIVE BLACK HOLE BINARIES WITH BROAD EMISSION LINE DIAGNOSIS}},
  volume = {725},
  issn = {1538-4357},
  url = {http://dx.doi.org/10.1088/0004-637X/725/1/249},
  doi = {10.1088/0004-637x/725/1/249},
  number = {1},
  journal = {The Astrophysical Journal},
  publisher = {IOP Publishing},
  author = {Shen, Y. and Loeb, A.},
  year = {2010},
  month = {Dec},
  pages = {249–260},
}


@article{Koss_2012,
  doi = {10.1088/2041-8205/746/2/l22},
  url = {http://dx.doi.org/10.1088/2041-8205/746/2/L22},
  year = {2012},
  month = {Feb},
  publisher = {IOP Publishing},
  volume = {746},
  number = {2},
  pages = {L22},
  author = {Koss, M. and Mushotzky, R. and Treister, E. and Veilleux, S. and Vasudevan, R. and Trippe, M.},
  title = {{UNDERSTANDING DUAL ACTIVE GALACTIC NUCLEUS ACTIVATION IN THE NEARBY UNIVERSE}},
  journal = {The Astrophysical Journal},
}


@article{Barrows_2013,
  doi = {10.1088/0004-637x/769/2/95},
  url = {http://dx.doi.org/10.1088/0004-637X/769/2/95},
  year = {2013},
  month = {Jun},
  publisher = {IOP Publishing},
  volume = {769},
  number = {2},
  pages = {95},
  author = {R. S. Barrows and C. H. Sandberg Lacy and J. Kennefick and J. M. Comerford and D. Kennefick and J. C. Berrier},
  title = {{IDENTIFICATION OF OUTFLOWS AND CANDIDATE DUAL ACTIVE GALACTIC NUCLEI IN SDSS QUASARS AT z = 0.8-1.6}},
  journal = {The Astrophysical Journal},
}


@ARTICLE{2013MNRAS.429.2594B,
  author = {Blecha, L. and Loeb, A. and Narayan, R.},
  title = {{DOUBLE-PEAKED NARROW-LINE SIGNATURES OF DUAL SUPERMASSIVE BLACK HOLES IN GALAXY MERGER SIMULATIONS}},
  journal = {Monthly Notices of the Royal Astronomical Society},
  archiveprefix = {arXiv},
  eprint = {1201.1904},
  primaryclass = {astro-ph.CO},
  keywords = {accretion, accretion discs, black hole physics, galaxies: active, galaxies: interactions, galaxies: nuclei},
  year = {2013},
  month = {mar},
  volume = {429},
  pages = {2594-2616},
  doi = {10.1093/mnras/sts533},
  adsurl = {http://adsabs.harvard.edu/abs/2013MNRAS.429.2594B},
  adsnote = {Provided by the SAO/NASA Astrophysics Data System},
}


@article{Wild_2010,
  doi = {10.1111/j.1365-2966.2010.16536.x},
  url = {http://dx.doi.org/10.1111/j.1365-2966.2010.16536.x},
  year = {2010},
  month = {Apr},
  publisher = {Oxford University Press (OUP)},
  author = {Wild, V. and Heckman, T. and Charlot, S.},
  title = {{TIMING THE AGN-STARBURST CONNECTION}},
  journal = {Monthly Notices of the Royal Astronomical Society},
}


@article{Kennicutt_1987,
  doi = {10.1086/114384},
  url = {http://dx.doi.org/10.1086/114384},
  year = {1987},
  month = {May},
  publisher = {IOP Publishing},
  volume = {93},
  pages = {1011},
  author = {Kennicutt, R.C. Jr. and Roettiger, K. A. and Keel, W. C. and van der Hulst, J. M. and Hummel, E.},
  title = {{THE EFFECTS OF INTERACTIONS ON SPIRAL GALAXIES. II - DISK STAR FORMATION RATES}},
  journal = {The Astronomical Journal},
}


@article{Kewley_2004,
  doi = {10.1086/382723},
  url = {http://dx.doi.org/10.1086/382723},
  year = {2004},
  month = {apr},
  publisher = {{IOP} Publishing},
  volume = {127},
  number = {4},
  pages = {2002--2030},
  author = {Kewley, L. J. and Geller, M. J. and Jansen, R. A.},
  title = {{[O II] AS A STAR FORMATION RATE INDICATOR}},
  journal = {Astron J},
}


@article{Lilly_1996,
  doi = {10.1086/309975},
  url = {http://dx.doi.org/10.1086/309975},
  year = {1996},
  month = {Mar},
  publisher = {IOP Publishing},
  volume = {460},
  number = {1},
  author = {Lilly, S.J. and Le F\`evre, O. and Hammer, F. and Crampton, D.},
  title = {{THE CANADA-FRANCE REDSHIFT SURVEY: THE LUMINOSITY DENSITY AND STAR FORMATION HISTORY OF THE UNIVERSE TO Z ∼ 1}},
  journal = {The Astrophysical Journal},
}


@article{Hippelein_2003,
  doi = {10.1051/0004-6361:20021898},
  url = {http://dx.doi.org/10.1051/0004-6361:20021898},
  year = {2003},
  month = {Apr},
  publisher = {EDP Sciences},
  volume = {402},
  number = {1},
  pages = {65-78},
  author = {Hippelein, H. and Maier, C. and Meisenheimer, K. and Wolf, C. and Fried, J. W. and von Kuhlmann, B. and {K{\"u}mmel}, M. and Phleps, S. and {R{\"o}ser}, H.-J.},
  title = {{STAR FORMATION RATES BETWEEN z = 0.25 & z = 1.2 FROM THE CADIS EMISSION-LINE SURVEY}},
  journal = {Astronomy & Astrophysics},
}


@article{Ferland_1986,
  doi = {10.1086/163841},
  url = {http://dx.doi.org/10.1086/163841},
  year = {1986},
  month = {jan},
  publisher = {{IOP} Publishing},
  volume = {300},
  pages = {658},
  author = {G. J. Ferland and D. E. Osterbrock},
  title = {{{IUE} spectra and a resulting model of Seyfert 2 galaxies}},
  journal = {{ApJ}},
}


@article{Teplitz_2003,
  doi = {10.1086/374659},
  url = {http://dx.doi.org/10.1086/374659},
  year = {2003},
  month = {Jun},
  publisher = {IOP Publishing},
  volume = {589},
  number = {2},
  pages = {704-708},
  author = {Teplitz, H.I. and Collins, N.R. and Gardner, J.P. and Hill, R.S. and Rhodes, J.},
  title = {{EMISSION LINE GALAXIES IN THE STIS PARALLEL SURVEY. II. STAR FORMATION DENSITY}},
  journal = {The Astrophysical Journal},
}


@article{Huang_2014,
  doi = {10.1093/mnras/stu334},
  url = {http://dx.doi.org/10.1093/mnras/stu334},
  year = {2014},
  month = {Mar},
  publisher = {Oxford University Press (OUP)},
  volume = {439},
  number = {3},
  pages = {2927-2932},
  author = {Huang, Y. and Liu, X.- W. and Yuan, H.- B. and Xiang, M.- S. and Huo, Z.- Y. and Hou, Y.- H. and Jin, G. and Zhang, Y. and Zhou, X.- L.},
  title = {{HST AND LAMOST DISCOVER A DUAL ACTIVE GALACTIC NUCLEUS IN J0038+4128}},
  journal = {Monthly Notices of the Royal Astronomical Society},
}


@article{Lamareille_2004,
  doi = {10.1111/j.1365-2966.2004.07697.x},
  url = {http://dx.doi.org/10.1111/j.1365-2966.2004.07697.x},
  year = {2004},
  month = {May},
  publisher = {Oxford University Press (OUP)},
  volume = {350},
  number = {2},
  pages = {396-406},
  author = {Lamareille, F. and Mouhcine, M. and Contini, T. and Lewis, I. and Maddox, S.},
  title = {{THE LUMINOSITY-METALLICITY RELATION IN THE LOCAL UNIVERSE FROM THE 2dF GALAXY REDSHIFT SURVEY}},
  journal = {Monthly Notices of the Royal Astronomical Society},
}


@ARTICLE{1980AA....87..152H,
  author = {Heckman, T. M.},
  title = {{AN OPTICAL AND RADIO SURVEY OF THE NUCLEI OF BRIGHT GALAXIES - ACTIVITY IN NORMAL GALACTIC NUCLEIi}},
  journal = {Astronomy & Astrophysics},
  year = {1980},
  month = {jul},
  volume = {87},
  pages = {152-164},
  adsurl = {http://cdsads.u-strasbg.fr/abs/1980A%26A....87..152H},
}


@article{Stasinska_2006,
  doi = {10.1111/j.1365-2966.2006.10732.x},
  url = {http://dx.doi.org/10.1111/j.1365-2966.2006.10732.x},
  year = {2006},
  month = {sep},
  publisher = {Oxford University Press ({OUP})},
  volume = {371},
  number = {2},
  pages = {972--982},
  author = {Stasinska, G. and Fernandes, R. C. and Mateus, A. and Sodre, L. and Asari, N. V.},
  title = {{SEMI-EMPIRICAL ANALYSIS OF SLOAN DIGITAL SKY SURVEY GALAXIES - {III}. HOW TO DISTINGUISH {AGN} HOSTS}},
  journal = {Monthly Notices of the Royal Astronomical Society},
}


@article{Darg_2010,
  doi = {10.1111/j.1365-2966.2009.15786.x},
  url = {http://dx.doi.org/10.1111/j.1365-2966.2009.15786.x},
  year = {2010},
  month = {Jan},
  publisher = {Oxford University Press (OUP)},
  volume = {401},
  number = {3},
  pages = {1552-1563},
  author = {Darg, D. W. and Kaviraj, S. and Lintott, C. J. and Schawinski, K. and Sarzi, M. and Bamford, S. and Silk, J. and Andreescu, D. and Murray, P. and Nichol, R. C. and Raddick, M. J. and Slosar, A. and Szalay, A. S. and Thomas, D. and Vandenberg, J.},
  title = {{GALAXY ZOO: THE PROPERTIES OF MERGING GALAXIES IN THE NEARBY UNIVERSE - LOCAL ENVIRONMENTS COLOURS, MASSES, STAR FORMATION RATES AND AGN ACTIVITY}},
  journal = {Monthly Notices of the Royal Astronomical Society},
}


@ARTICLE{2006ApJ...642..702K,
  author = {Kim, M. and Ho, L. C. and Im, M.},
  title = {{CONSTRAINTS ON THE STAR FORMATION RATE IN ACTIVE GALAXIES}},
  journal = {The Astrophysical Journal},
  eprint = {astro-ph/0601316},
  keywords = {Galaxies: Active, Galaxies: Nuclei, Galaxies: Seyfert, Galaxies: Starburst, Galaxies: Quasars: General},
  year = {2006},
  month = {may},
  volume = {642},
  pages = {702-710},
  doi = {10.1086/501422},
  adsurl = {http://adsabs.harvard.edu/abs/2006ApJ...642..702K},
  adsnote = {Provided by the SAO/NASA Astrophysics Data System},
}


@ARTICLE{Zakamska2003,
  author = {Zakamska, N. L. and Strauss, M. A. and Krolik, J. H. and Collinge, M. J. and Hall, P. B. and Hao, L. and Heckman, T. M. and Ivezi{\'c}, {\v Z}. and Richards, G. T. and Schlegel, D. J. and Schneider, D. P. and Strateva, I. and Vanden Berk, D. E. and Anderson, S. F. and Brinkmann, J.},
  title = {{CANDIDATE TYPE II QUASARS FROM THE SLOAN DIGITAL SKY SURVEY. I. SELECTION AND OPTICAL PROPERTIES OF A SAMPLE AT 0.3{\lt}Z{\lt}0.83}},
  journal = {The Astrophysical Journal},
  eprint = {astro-ph/0309551},
  keywords = {Galaxies: Active, Galaxies: Quasars: Emission Lines, Galaxies: Quasars: General, Surveys},
  year = {2003},
  month = {nov},
  volume = {126},
  pages = {2125-2144},
  doi = {10.1086/378610},
  adsurl = {http://adsabs.harvard.edu/abs/2003AJ....126.2125Z},
  adsnote = {Provided by the SAO/NASA Astrophysics Data System},
}


@article{Spergel_2003,
  doi = {10.1086/377226},
  url = {http://dx.doi.org/10.1086/377226},
  year = {2003},
  month = {sep},
  publisher = {$\lbrace$IOP$\rbrace$ Publishing},
  volume = {148},
  number = {1},
  pages = {175--194},
  author = {Spergel, D. N. and Verde, L. and Peiris, H. V. and Komatsu, E. and Nolta, M. R. and Bennett, C. L. and Halpern, M. and Hinshaw, G. and Jarosik, N. and Kogut, A. and Limon, M. and Meyer, S. S. and Page, L. and Tucker, G. S. an Weiland, J. L. and Wollack, E. and Wright, E. L.},
  title = {{FIRST-YEAR WILKINSON MICROWAVE ANISOTROPY PROBE (WMAP) OBSERVATIONS: DETERMINATION OF COSMOLOGICAL PARAMETERS}},
  journal = {The Astrophysical Journal},
}


@article{Reid_2010,
  doi = {10.1111/j.1365-2966.2010.16276.x},
  url = {http://dx.doi.org/10.1111/j.1365-2966.2010.16276.x},
  year = {2010},
  month = {mar},
  publisher = {Oxford University Press ($\lbrace$OUP$\rbrace$)},
  author = {Reid, B. A. and Percival, W. J. and Eisenstein, D. J. and Verde, L. and Spergel, D. N. and Skibba, R. A and Bahcall, N. A. and et al.},
  title = {{COSMOLOGICAL CONSTRAINTS FROM THE CLUSTERING OF THE SLOAN DIGITAL SKY SURVEY DR7 LUMINOUS RED GALAXIES}},
  journal = {Monthly Notices of the Royal Astronomical Society},
}


@article{Jarosik_2011,
  doi = {10.1088/0067-0049/192/2/14},
  url = {http://dx.doi.org/10.1088/0067-0049/192/2/14},
  year = {2011},
  month = {jan},
  publisher = {$\lbrace$IOP$\rbrace$ Publishing},
  volume = {192},
  number = {2},
  pages = {14},
  author = {Jarosik, N. and Bennett, C. L. and Dunkley, J. and Gold, B. and Greason, M. R. and Halpern, M. and Hill, R. S. and Hinshaw, G. and et al.},
  title = {{SEVEN-YEAR WILKINSON MICROWAVE ANISOTROPY PROBE (WMAP) OBSERVATIONS: SKY MAPS, SYSTEMATIC ERRORS AND BASIC RESULTS}},
  journal = {The Astrophysical Journal},
}


@ARTICLE{2011AJ....142..197C,
  author = {Chomiuk, L. and Povich, M. S.},
  title = {{{{{{{{{{{{{{{{{{{{{{{{{{{{{{{{{{{{{{{{{{{{{{{{{{{{{{{{{{{{{{{{{{{{{{{{{{{{{{{{{{{{{{{{{{{{{{{{{{{{{{{{{{{{{{{{{{{{{{{{{{{{{{{{{{{{{{{{{{{{{{{{{{{{{{{{{{{{{{{{{{{{{{{{{{{{{{{{{{{{{{{{{{{TOWARD A UNIFICATION OF STAR FORMATION RATE DETERMINATIONS IN THE MILKY WAY AND OTHER GALAXIES}}}}}}}}}}}}}}}}}}}}}}}}}}}}}}}}}}}}}}}}}}}}}}}}}}}}}}}}}}}}}}}}}}}}}}}}}}}}}}}}}}}}}}}}}}}}}}}}}}}}}}}}}}}}}}}}}}}}}}}}}}}}}}}}}}}}}}}}}}}}}}}}}}}}}}}}}}}}}}}}}}}}}}}}}}}}}}}}}}}}}}}}}},
  journal = {\aj},
  archiveprefix = {arXiv},
  eprint = {1110.4105},
  primaryclass = {astro-ph.GA},
  keywords = {galaxies: star formation, Galaxy: fundamental parameters, H II regions, ISM: supernova remnants},
  year = {2011},
  month = {dec},
  volume = {142},
  eid = {197},
  pages = {197},
  doi = {10.1088/0004-6256/142/6/197},
  adsurl = {http://adsabs.harvard.edu/abs/2011AJ....142..197C},
  adsnote = {Provided by the SAO/NASA Astrophysics Data System},
}


@ARTICLE{1994ApJ...435...22K,
  author = {Kennicutt, Jr., R. C. and Tamblyn, P. and Congdon, C. E.},
  title = {{PAST AND FUTURE STAR FORMATION IN DISK GALAXIES}},
  journal = {\apj},
  keywords = {Astronomical Models, Galactic Evolution, Spiral Galaxies, Star Formation, Stellar Luminosity, Time Measurement, Ultraviolet Spectra, Astronomical Photometry, H Alpha Line, Stellar Mass, Ultraviolet Astronomy},
  year = {1994},
  month = {nov},
  volume = {435},
  pages = {22-36},
  doi = {10.1086/174790},
  adsurl = {http://adsabs.harvard.edu/abs/1994ApJ...435...22K},
  adsnote = {Provided by the SAO/NASA Astrophysics Data System},
}


@article{Ho_1993,
  doi = {10.1086/172775},
  url = {http://dx.doi.org/10.1086/172775},
  year = {1993},
  month = {jun},
  publisher = {{IOP} Publishing},
  volume = {410},
  pages = {567},
  author = {Ho, L. C. and Shields, J. C. and Filippenko, A. V.},
  title = {{THE IONIZING RADIATION OF SEYFERT 2 GALACTIC NUCLEI}},
  journal = {{ApJ}},
}


@article{Calzetti_2001,
  doi = {10.1086/324269},
  url = {http://dx.doi.org/10.1086/324269},
  year = {2001},
  month = {dec},
  publisher = {University of Chicago Press},
  volume = {113},
  number = {790},
  pages = {1449--1485},
  author = {Calzetti, D.},
  title = {{THE DUST OPACITY OF STAR-FORMING GALAXIES}},
  journal = {Publications of the Astronomical Society of the Pacific},
}


@article{Lamareille_2010,
  doi = {10.1051/0004-6361/200913168},
  url = {http://dx.doi.org/10.1051/0004-6361/200913168},
  year = {2010},
  month = {jan},
  publisher = {{EDP} Sciences},
  volume = {509},
  pages = {A53},
  author = {Lamareille, F.},
  title = {{SPECTRAL CLASSIFICATION OF EMISSION-LINE GALAXIES FROM THE SLOAN DIGITAL SKY SURVEY}},
  journal = {Astronomy and Astrophysics},
}


@article{Netzer_2009,
  doi = {10.1111/j.1365-2966.2009.15434.x},
  url = {http://dx.doi.org/10.1111/j.1365-2966.2009.15434.x},
  year = {2009},
  month = {nov},
  publisher = {Oxford University Press ({OUP})},
  volume = {399},
  number = {4},
  pages = {1907--1920},
  author = {Netzer, H.},
  title = {{ACCRETION AND STAR FORMATION RATES IN LOW-REDSHIFT TYPE II ACTIVE GALACTIC NUCLEI}},
  journal = {Monthly Notices of the Royal Astronomical Society},
}


@MISC{2012ascl.soft10002C,
  author = {Cappellari, M.},
  title = {{pPXF: PENALIZED PIXEL-FITTING STELLAR KINEMATICS EXTRACTION}},
  note = {Astrophysics Source Code Library},
  year = {2012},
  archiveprefix = {ascl},
  eprint = {1210.002},
  month = {oct},
  adsurl = {http://adsabs.harvard.edu/abs/2012ascl.soft10002C},
  adsnote = {Provided by the SAO/NASA Astrophysics Data System},
}


@article{Liu_2010,
  doi = {10.1088/0004-637x/708/1/427},
  url = {http://dx.doi.org/10.1088/0004-637X/708/1/427},
  year = {2010},
  month = {jan},
  publisher = {{IOP} Publishing},
  volume = {708},
  number = {1},
  pages = {427--434},
  author = {Xin Liu and Yue Shen and Michael A. Strauss and Jenny E. Greene},
  title = {{{TYPE} 2 {ACTIVE} {GALACTIC} {NUCLEI} {WITH} {DOUBLE}-{PEAKED} [O {III}] {LINES}: {NARROW}-{LINE} {REGION} {KINEMATICS} {OR} {MERGING} {SUPERMASSIVE} {BLACK} {HOLE} {PAIRS}?}},
  journal = {{ApJ}},
}


@INPROCEEDINGS{2013ASPC..477..211T,
  author = {Trouille, L. and Tremonti, C. A. and Chen, Y. M. and Crowley-Farenga, J. and Rice, W. and Loftus, P.},
  title = {{POST-STARBURST GALAXIES: PROBING THE ROLE OF MERGERS AND AGN ACTIVITY IN QUENCHING STAR FORMATION}},
  booktitle = {Galaxy Mergers in an Evolving Universe},
  year = {2013},
  series = {Astronomical Society of the Pacific Conference Series},
  volume = {477},
  editor = {Sun, W. H. and Xu, C. K. and Scoville, N. Z. and Sanders, D. B.},
  month = {oct},
  pages = {211},
  adsurl = {http://adsabs.harvard.edu/abs/2013ASPC..477..211T},
  adsnote = {Provided by the SAO/NASA Astrophysics Data System},
}


@ARTICLE{2005A&A...438...87K,
  author = {Kapferer, W. and Knapp, A. and Schindler, S. and Kimeswenger, S. and van Kampen, E.},
  title = {{STAR FORMATION RATES AND MASS DISTRIBUTIONS IN INTERACTING GALAXIES}},
  journal = {Astronomy \& Astrophysics},
  eprint = {astro-ph/0503559},
  keywords = {hydrodynamics, methods: numerical, galaxies: interactions, galaxies: general, intergalactic medium, galaxies: evolution},
  year = {2005},
  month = {jul},
  volume = {438},
  pages = {87-101},
  doi = {10.1051/0004-6361:20052753},
  adsurl = {http://adsabs.harvard.edu/abs/2005A%26A...438...87K},
  adsnote = {Provided by the SAO/NASA Astrophysics Data System},
}


@ARTICLE{2001ApJ...555..719C,
  author = {Canalizo, G. and Stockton, A.},
  title = {{QUASI-STELLAR OBJECTS, ULTRALUMINOUS INFRARED GALAXIES AND MERGERS}},
  journal = {The Astrophysical Journal},
  eprint = {astro-ph/0103332},
  keywords = {Galaxies: Evolution, galaxies: infrared, Galaxies: Interactions, Galaxies: Starburst, Galaxies: Quasars: Individual: Alphanumeric: IRAS 00275-2859, Galaxies: Quasars: Individual: Alphanumeric: IRAS 04505-2958, Galaxies: Quasars: Individual: Alphanumeric: PG 1543+489, Galaxies: Quasars: Individual: Alphanumeric: I Zw 1},
  year = {2001},
  month = {jul},
  volume = {555},
  pages = {719-743},
  doi = {10.1086/321520},
  adsurl = {http://adsabs.harvard.edu/abs/2001ApJ...555..719C},
  adsnote = {Provided by the SAO/NASA Astrophysics Data System},
}


@ARTICLE{2004MNRAS.352..399J,
  author = {Jahnke, K. and Kuhlbrodt, B. and Wisotzki, L.},
  title = {{QUASAR HOST GALAXY STAR FORMATION ACTIVITY FROM MULTICOLOUR DATA}},
  journal = {Monthly Notices of the Royal Astronomical Society},
  eprint = {astro-ph/0311123},
  keywords = {galaxies: active, galaxies: fundamental parameters, galaxies: photometry, quasars: general},
  year = {2004},
  month = {aug},
  volume = {352},
  pages = {399-415},
  doi = {10.1111/j.1365-2966.2004.07933.x},
  adsurl = {http://adsabs.harvard.edu/abs/2004MNRAS.352..399J},
  adsnote = {Provided by the SAO/NASA Astrophysics Data System},
}


@ARTICLE{Sanchez_2004,
  author = {S{\'a}nchez, S. F. and Jahnke, K. and Wisotzki, L. and McIntosh, D. H. and Bell, E. F. and Barden, M. and Beckwith, S. V. W. and Borch, A. and Caldwell, J. A. R. and H{\"a}ussler, B. and Jogee, S. and Meisenheimer, K. and Peng, C. Y. and Rix, H. W. and Somerville, R. S. and Wolf, C.},
  title = {{COLORS OF ACTIVE GALACTIC NUCLEUS HOST GALAXIES AT 0.5{\lt}z{\lt}1.1 FROM THE GEMS SURVEY}},
  journal = {The Astrophysical Journal},
  eprint = {astro-ph/0403645},
  keywords = {Galaxies: Active, Galaxies: Fundamental Parameters, Galaxies: High-Redshift, Galaxies: Starburst, Galaxies: Quasars: General},
  year = {2004},
  month = {oct},
  volume = {614},
  pages = {586-606},
  doi = {10.1086/423234},
  adsurl = {http://adsabs.harvard.edu/abs/2004ApJ...614..586S},
  adsnote = {Provided by the SAO/NASA Astrophysics Data System},
}


@ARTICLE{2006AJ....131...84V,
  author = {Vanden Berk, D. E. and Shen, J. and Yip, C. W. and Schneider, D. P. and Connolly, A. J. and Burton, R. E. and Jester, S. and Hall, P. B. and Szalay, A. S. and Brinkmann, J.},
  title = {{SPECTRAL DECOMPOSITION OF BROAD-LINE AGNS AND HOST GALAXIES}},
  journal = {The Astrophysical Journal},
  eprint = {astro-ph/0509332},
  keywords = {Galaxies: Active, Galaxies: Quasars: General, Surveys, Techniques: Spectroscopic},
  year = {2006},
  month = {jan},
  volume = {131},
  pages = {84-99},
  doi = {10.1086/497973},
  adsurl = {http://adsabs.harvard.edu/abs/2006AJ....131...84V},
  adsnote = {Provided by the SAO/NASA Astrophysics Data System},
}


@ARTICLE{2006AJZakamska1496Z,
  author = {Zakamska, N. L. and Strauss, M. A. and Krolik, J. H. and Ridgway, S. E. and Schmidt, G. D. and Smith, P. S. and Heckman, T. M. and Schneider, D. P. and Hao, L. and Brinkmann, J.},
  title = {{TYPE II QUASARS FROM THE SLOAN DIGITAL SKY SURVEY. V. IMAGING HOST GALAXIES WITH THE HUBBLE SPACE TELESCOPE}},
  journal = {\aj},
  eprint = {astro-ph/0603625},
  keywords = {Galaxies: Active, Galaxies: Structure, Polarization, Galaxies: Quasars: General},
  year = {2006},
  month = {oct},
  volume = {132},
  pages = {1496-1516},
  doi = {10.1086/506986},
  adsurl = {http://adsabs.harvard.edu/abs/2006AJ....132.1496Z},
  adsnote = {Provided by the SAO/NASA Astrophysics Data System},
}


@ARTICLE{2011MNRASKaviraj,
  author = {Kaviraj, S. and Schawinski, K. and Silk, J. and Shabala, S. S.},
  title = {{A SIMPLE MODEL FOR AGN FEEDBACK IN NEARBY EARLY-TYPE GALAXIES}},
  journal = {Monthly Notices of the Royal Astronomical Society},
  archiveprefix = {arXiv},
  eprint = {1008.1583},
  primaryclass = {astro-ph.CO},
  keywords = {galaxies: active, galaxies: elliptical and lenticular, cD, galaxies: evolution, galaxies: interactions, galaxies: starburst},
  year = {2011},
  month = {aug},
  volume = {415},
  pages = {3798-3806},
  doi = {10.1111/j.1365-2966.2011.19002.x},
  adsurl = {http://adsabs.harvard.edu/abs/2011MNRAS.415.3798K},
  adsnote = {Provided by the SAO/NASA Astrophysics Data System},
}


@article{Silverman_2009,
  doi = {10.1088/0004-637x/696/1/396},
  url = {http://dx.doi.org/10.1088/0004-637X/696/1/396},
  year = {2009},
  month = {apr},
  publisher = {{IOP} Publishing},
  volume = {696},
  number = {1},
  pages = {396--410},
  author = {J. D. Silverman and F. Lamareille and C. Maier and S. J. Lilly and V. Mainieri and M. Brusa and N. Cappelluti and G. Hasinger and G. Zamorani and M. Scodeggio and M. Bolzonella and T. Contini and C. M. Carollo and K. Jahnke and J.-P. Kneib and O. Le F{\`{e}}vre and A. Merloni and S. Bardelli and A. Bongiorno and H. Brunner and K. Caputi and F. Civano and A. Comastri and G. Coppa and O. Cucciati and S. de la Torre and L. de Ravel and M. Elvis and A. Finoguenov and F. Fiore and P. Franzetti and B. Garilli and R. Gilli and A. Iovino and P. Kampczyk and C. Knobel and K. Kova{\v{c}} and J.-F. Le Borgne and V. Le Brun and M. Mignoli and R. Pello and Y. Peng and E. Perez Montero and E. Ricciardelli and M. Tanaka and L. Tasca and L. Tresse and D. Vergani and C. Vignali and E. Zucca and D. Bottini and A. Cappi and P. Cassata and M. Fumana and R. Griffiths and J. Kartaltepe and A. Koekemoer and C. Marinoni and H. J. McCracken and P. Memeo and B. Meneux and P. Oesch and C. Porciani and M. Salvato},
  title = {{{ONGOING} {AND} {CO}-{EVOLVING} {STAR} {FORMATION} {IN} {zCOSMOS} {GALAXIES} {HOSTING} {ACTIVE} {GALACTIC} {NUCLEI}}},
  journal = {{ApJ}},
}


@article{Thomas_2013,
  doi = {10.1093/mnras/stt261},
  url = {http://dx.doi.org/10.1093/mnras/stt261},
  year = {2013},
  month = {mar},
  publisher = {Oxford University Press ({OUP})},
  volume = {431},
  number = {2},
  pages = {1383--1397},
  author = {Thomas, D. and Steele, O. and Maraston, C. and Johansson, J. and Beifiori, A. and Pforr, J. and Stromback, G. and Tremonti, C. A.  and Wake, D. and Bizyaev, D. and Bolton, A. and Brewington, H. and Brownstein, J. R. and Comparat, J. and Kneib, J.- P. and Malanushenko, E. and Malanushenko, V. and Oravetz, D. and Pan, K. and Parejko, J. K. and Schneider, D. P. and Shelden, A. and Simmons, A. and Snedden, S. and Tanaka, M. and Weaver, B. A. and Yan, R.},
  title = {{STELLAR VELOCITY DISPERSIONS AND EMISSION LINE PROPERTIES OF {SDSS}-{III}/{BOSS} GALAXIES}},
  journal = {Monthly Notices of the Royal Astronomical Society},
}


@ARTICLE{2012MNRAS.427.2401K,
  author = {Kalfountzou, E. and Jarvis, M. J. and Bonfield, D. G. and Hardcastle, M. J.},
  title = {{STAR FORMATION IN HIGH-REDSHIFT QUASARS: EXCESS [O II] EMISSION IN THE RADIO-LOUD POPULATION}},
  journal = {Monthly Notices of the Royal Astronomical Society},
  archiveprefix = {arXiv},
  eprint = {1209.2329},
  primaryclass = {astro-ph.CO},
  keywords = {methods: statistical, galaxies: active, quasars: emission lines, quasars: general},
  year = {2012},
  month = {dec},
  volume = {427},
  pages = {2401-2410},
  doi = {10.1111/j.1365-2966.2012.22093.x},
  adsurl = {http://adsabs.harvard.edu/abs/2012MNRAS.427.2401K},
  adsnote = {Provided by the SAO/NASA Astrophysics Data System},
}


@ARTICLE{2009ApJ...696..396S,
  author = {Silverman, J. D. and Lamareille, F. and Maier, C. and Lilly, S. J. and Mainieri, V. and Brusa, M. and Cappelluti, N. and Hasinger, G. and Zamorani, G. and Scodeggio, M. and Bolzonella, M. and Contini, T. and Carollo, C. M. and Jahnke, K. and Kneib, J. P. and Le F{\`e}vre, O. and Merloni, A. and Bardelli, S. and Bongiorno, A. and Brunner, H. and Caputi, K. and Civano, F. and Comastri, A. and Coppa, G. and Cucciati, O. and de la Torre, S. and de Ravel, L. and Elvis, M. and Finoguenov, A. and Fiore, F. and Franzetti, P. and Garilli, B. and Gilli, R. and Iovino, A. and Kampczyk, P. and Knobel, C. and Kova{\v c}, K. and Le Borgne, J. F. and Le Brun, V. and Mignoli, M. and Pello, R. and Peng, Y. and Perez Montero, E. and Ricciardelli, E. and Tanaka, M. and Tasca, L. and Tresse, L. and Vergani, D. and Vignali, C. and Zucca, E. and Bottini, D. and Cappi, A. and Cassata, P. and Fumana, M. and Griffiths, R. and Kartaltepe, J. and Koekemoer, A. and Marinoni, C. and McCracken, H. J. and Memeo, P. and Meneux, B. and Oesch, P. and Porciani, C. and Salvato, M.},
  title = {{ONGOING AND CO-EVOLVING STAR FORMATION IN zCOSMOS GALAXIES HOSTING ACTIVE GALACTIC NUCLEI}},
  journal = {\apj},
  archiveprefix = {arXiv},
  eprint = {0810.3653},
  keywords = {galaxies: active, galaxies: evolution, quasars: emission lines, quasars: general, X-rays: galaxies},
  year = {2009},
  month = {may},
  volume = {696},
  pages = {396-410},
  doi = {10.1088/0004-637X/696/1/396},
  adsurl = {http://adsabs.harvard.edu/abs/2009ApJ...696..396S},
  adsnote = {Provided by the SAO/NASA Astrophysics Data System},
}


@ARTICLE{2005ApJ...629..680H,
  author = {Ho, L. C.},
  title = {{[O II] EMISSION IN QUASAR HOST GALAXIES: EVIDENCE FOR A SUPPRESSED STAR FORMATION EFFICIENCY}},
  journal = {The Astrophysical Journal},
  eprint = {astro-ph/0504642},
  keywords = {Galaxies: Active, Galaxies: Nuclei, Galaxies: Seyfert, Galaxies: Quasars: General},
  year = {2005},
  month = {aug},
  volume = {629},
  pages = {680-685},
  doi = {10.1086/431643},
  adsurl = {http://adsabs.harvard.edu/abs/2005ApJ...629..680H},
  adsnote = {Provided by the SAO/NASA Astrophysics Data System},
}


@article{Moustakas_2006,
  doi = {10.1086/500964},
  url = {http://dx.doi.org/10.1086/500964},
  year = {2006},
  month = {may},
  publisher = {{IOP} Publishing},
  volume = {642},
  number = {2},
  pages = {775--796},
  author = {Moustakas, J. and Kennicutt Jr., R. C. and Tremonti, C. A.},
  title = {{OPTICAL STAR FORMATION RATE INDICATORS}},
  journal = {{The Astrophysical Journal}},
}


@article{Maier_2009,
  doi = {10.1088/0004-637x/694/2/1099},
  url = {http://dx.doi.org/10.1088/0004-637X/694/2/1099},
  year = {2009},
  month = {mar},
  publisher = {{IOP} Publishing},
  volume = {694},
  number = {2},
  pages = {1099--1114},
  author = {C. Maier and S. J. Lilly and G. Zamorani and M. Scodeggio and F. Lamareille and T. Contini and M. T. Sargent and C. Scarlata and P. Oesch and C. M. Carollo and O. Le F{\`{e}}vre and A. Renzini and J.-P. Kneib and V. Mainieri and S. Bardelli and M. Bolzonella and A. Bongiorno and K. Caputi and G. Coppa and O. Cucciati and S. de la Torre and L. de Ravel and P. Franzetti and B. Garilli and A. Iovino and P. Kampczyk and C. Knobel and K. Kova{\v{c}} and J.-F. Le Borgne and V. Le Brun and M. Mignoli and R. Pello and Y. Peng and E. Perez Montero and E. Ricciardelli and J. D. Silverman and M. Tanaka and L. Tasca and L. Tresse and D. Vergani and E. Zucca and U. Abbas and D. Bottini and A. Cappi and P. Cassata and A. Cimatti and M. Fumana and L. Guzzo and C. Halliday and A. M. Koekemoer and A. Leauthaud and D. Maccagni and C. Marinoni and H. J. McCracken and P. Memeo and B. Meneux and C. Porciani and L. Pozzetti and R. Scaramella},
  title = {{{THE} {DEPENDENCE} {OF} {STAR} {FORMATION} {ACTIVITY} {ON} {STELLAR} {MASS} {SURFACE} {DENSITY} {AND} {SERSIC} {INDEX} {IN} {zCOSMOS} {GALAXIES} {AT} 0.5<z<0.9 {COMPARED} {WITH} {SDSS} {GALAXIES} {AT} 0.04<z<0.08}},
  journal = {{The Astrophysical Journal}},
}


@ARTICLE{1990MNRAS.242..271T,
  author = {Terlevich, E. and Diaz, A. I. and Terlevich, R.},
  title = {{ON THE BEHAVIOUR OF THE IR CA II TRIPLET IN NORMAL AND ACTIVE GALAXIES}},
  journal = {Monthly Notices of the Royal Astronomical Society},
  keywords = {Active Galaxies, Calcium, Fine Structure, Galactic Radiation, Infrared Spectra, Astronomical Models, Forbidden Transitions, Metallicity, Seyfert Galaxies, Spiral Galaxies},
  year = {1990},
  month = {jan},
  volume = {242},
  pages = {271-284},
  adsurl = {http://adsabs.harvard.edu/abs/1990MNRAS.242..271T},
  adsnote = {Provided by the SAO/NASA Astrophysics Data System},
}


@ARTICLE{2006MNRAS.366..480G,
  author = {Gu, Q. and Melnick, J. and Cid Fernandes, R. and Kunth, D. and Terlevich, E. and Terlevich, R.},
  title = {{EMISSION-LINE PROPERTIES OF SEYFERT 2 NUCLEI}},
  journal = {Monthly Notices of the Royal Astronomical Society},
  eprint = {astro-ph/0510742},
  keywords = {galaxies: active, galaxies: Seyfert, galaxies: starburst, galaxies: statistics},
  year = {2006},
  month = {feb},
  volume = {366},
  pages = {480-490},
  doi = {10.1111/j.1365-2966.2005.09872.x},
  adsurl = {http://adsabs.harvard.edu/abs/2006MNRAS.366..480G},
  adsnote = {Provided by the SAO/NASA Astrophysics Data System},
}


@ARTICLE{2012ApJ...753...42C,
  author = {Comerford, J. M. and Gerke, B. F. and Stern, D. and Cooper, M. C. and Weiner, B. J. and Newman, J. A. and Madsen, K. and Barrows, R. S.},
  title = {{KILOPARSEC-SCALE SPATIAL OFFSETS IN DOUBLE-PEAKED NARROW-LINE ACTIVE GALACTIC NUCLEI. I. MARKERS FOR SELECTION OF COMPELLING DUAL ACTIVE GALACTIC NUCLEUS CANDIDATES}},
  journal = {The Astrophysical Journal},
  archiveprefix = {arXiv},
  eprint = {1111.2862},
  primaryclass = {astro-ph.CO},
  keywords = {galaxies: active, galaxies: interactions, galaxies: nuclei},
  year = {2012},
  month = {jul},
  volume = {753},
  eid = {42},
  pages = {42},
  doi = {10.1088/0004-637X/753/1/42},
  adsurl = {http://adsabs.harvard.edu/abs/2012ApJ...753...42C},
  adsnote = {Provided by the SAO/NASA Astrophysics Data System},
}


@ARTICLE{2008MNRAS.389.1179L,
  author = {Lintott, C. J. and Schawinski, K. and Slosar, A. and Land, K. and Bamford, S. and Thomas, D. and Raddick, M. J. and Nichol, R. C. and Szalay, A. and Andreescu, D. and Murray, P. and Vandenberg, J.},
  title = {{GALAXY ZOO: MORPHOLOGIES DERIVED FROM VISUAL INSPECTION OF GALAXIES FROM THE SLOAN DIGITAL SKY SURVEY}},
  journal = {Monthly Notices of the Royal Astronomical Society},
  archiveprefix = {arXiv},
  eprint = {0804.4483},
  keywords = {methods: data analysis , galaxies: elliptical and lenticular, cD , galaxies: general , galaxies: spiral},
  year = {2008},
  month = {sep},
  volume = {389},
  pages = {1179-1189},
  doi = {10.1111/j.1365-2966.2008.13689.x},
  adsurl = {http://adsabs.harvard.edu/abs/2008MNRAS.389.1179L},
  adsnote = {Provided by the SAO/NASA Astrophysics Data System},
}


@ARTICLE{2010MNRAS.401.1552D,
  author = {Darg, D. W. and Kaviraj, S. and Lintott, C. J. and Schawinski, K. and Sarzi, M. and Bamford, S. and Silk, J. and Andreescu, D. and Murray, P. and Nichol, R. C. and Raddick, M. J. and Slosar, A. and Szalay, A. S. and Thomas, D. and Vandenberg, J.},
  title = {{GALAXY ZOO: THE PROPERTIES OF MERGING GALAXIES IN THE NEARBY UNIVERSE - LOCAL ENVIRONMENTS, COLOURS, MASSES, STAR FORMATION RATES AND AGN ACTIVITY}},
  journal = {Monthly Notices of the Royal Astronomical Society},
  archiveprefix = {arXiv},
  eprint = {0903.5057},
  primaryclass = {astro-ph.GA},
  keywords = {catalogues, galaxies: elliptical and lenticular, cD, galaxies: evolution, galaxies: general, galaxies: interactions, galaxies: spiral},
  year = {2010},
  month = {jan},
  volume = {401},
  pages = {1552-1563},
  doi = {10.1111/j.1365-2966.2009.15786.x},
  adsurl = {http://adsabs.harvard.edu/abs/2010MNRAS.401.1552D},
  adsnote = {Provided by the SAO/NASA Astrophysics Data System},
}


@ARTICLE{2010MNRAS.401.1043D,
  author = {Darg, D. W. and Kaviraj, S. and Lintott, C. J. and Schawinski, K. and Sarzi, M. and Bamford, S. and Silk, J. and Andreescu, D. and Murray, P. and Nichol, R. C. and Raddick, M. J. and Slosar, A. and Szalay, A. S. and Thomas, D. and Vandenberg, J.},
  title = {{GALAXY ZOO: THE FRACTION OF MERGING GALAXIES IN THE SDSS AND THEIR MORPHOLOGIES}},
  journal = {Monthly Notices of the Royal Astronomical Society},
  archiveprefix = {arXiv},
  eprint = {0903.4937},
  primaryclass = {astro-ph.GA},
  keywords = {catalogues, galaxies: elliptical and lenticular, cD, galaxies: evolution, galaxies: general, galaxies: interactions, galaxies: spiral},
  year = {2010},
  month = {jan},
  volume = {401},
  pages = {1043-1056},
  doi = {10.1111/j.1365-2966.2009.15686.x},
  adsurl = {http://adsabs.harvard.edu/abs/2010MNRAS.401.1043D},
  adsnote = {Provided by the SAO/NASA Astrophysics Data System},
}


@ARTICLE{2008ApJS..175..297A,
  author = {Adelman-McCarthy, J. K. and {Ag{\"u}eros}, M. A. and Allam, S. S. and Allende Prieto, C. and Anderson, K. S. J. and Anderson, S.F. and Annis, J. and Bahcall, N.A. and Bailer-Jones, C. A. L. and et al.},
  title = {{THE SIXTH DATA RELEASE OF THE SLOAN DIGITAL SKY SURVEY}},
  journal = {The Astrophysical Journal Supplement Series},
  archiveprefix = {arXiv},
  eprint = {0707.3413},
  keywords = {Atlases, Catalogs, Surveys},
  year = {2008},
  month = {apr},
  volume = {175},
  pages = {297-313},
  doi = {10.1086/524984},
  adsurl = {http://adsabs.harvard.edu/abs/2008ApJS..175..297A},
  adsnote = {Provided by the SAO/NASA Astrophysics Data System},
}


@ARTICLE{2009ApJ...706.1364F,
  author = {F{\"o}rster Schreiber, N. M. and Genzel, R. and Bouch{\'e}, N. and Cresci, G. and Davies, R. and Buschkamp, P. and Shapiro, K. and Tacconi, L. J. and Hicks, E. K. S. and Genel, S. and Shapley, A. E. and Erb, D. K. and Steidel, C. C. and Lutz, D. and Eisenhauer, F. and Gillessen, S. and Sternberg, A. and Renzini, A. and Cimatti, A. and Daddi, E. and Kurk, J. and Lilly, S. and Kong, X. and Lehnert, M. D. and Nesvadba, N. and Verma, A. and McCracken, H. and Arimoto, N. and Mignoli, M. and Onodera, M.},
  title = {{THE SINS SURVEY: SINFONI INTEGRAL FIELD SPECTROSCOPY OF z \~{} 2 STAR-FORMING GALAXIES}},
  journal = {The Astrophysical Journal},
  archiveprefix = {arXiv},
  eprint = {0903.1872},
  primaryclass = {astro-ph.CO},
  keywords = {galaxies: evolution, galaxies: high-redshift, galaxies: kinematics and dynamics, infrared: galaxies},
  year = {2009},
  month = {dec},
  volume = {706},
  pages = {1364-1428},
  doi = {10.1088/0004-637X/706/2/1364},
  adsurl = {http://adsabs.harvard.edu/abs/2009ApJ...706.1364F},
  adsnote = {Provided by the SAO/NASA Astrophysics Data System},
}


@ARTICLE{2002MNRAS.337..275C,
  author = {Croom, S. M. and Rhook, K. and Corbett, E. A. and Boyle, B. J. and Netzer, H. and Loaring, N. S. and Miller, L. and Outram, P. J. and Shanks, T. and Smith, R. J.},
  title = {{{{{{{{{{{{{{{{{{{{{{{{{{{{{{{{{{{{{{{{{{{{{{{{{{{{{{{{{{{{{{{{{{{{{{{{{{{{{{{{{{{{{{{{{{{{{{{{{{{{{{{{{{{{{{{{{THE CORRELATION OF LINE STRENGTH WITH LUMINOSITY AND REDSHIFT FROM COMPOSITE QUASI-STELLAR OBJECT SPECTRA)}}}}}}}}}}}}}}}}}}}}}}}}}}}}}}}}}}}}}}}}}}}}}}}}}}}}}}}}}}}}}}}}}}}}}}}}}}}}}}}}}}}}}}}}}}}}}}}}}}}}}}}}}}}}}}}},
  journal = {Monthly Notices of the Royal Astronomical Society},
  eprint = {astro-ph/0207571},
  keywords = {galaxies: active, quasars: emission lines, quasars: general, galaxies: stellar content},
  year = {2002},
  month = {nov},
  volume = {337},
  pages = {275-292},
  doi = {10.1046/j.1365-8711.2002.05910.x},
  adsurl = {http://adsabs.harvard.edu/abs/2002MNRAS.337..275C},
  adsnote = {Provided by the SAO/NASA Astrophysics Data System},
}


@ARTICLE{2011ApJ...743....2S,
  author = {Silverman, J. D. and Kampczyk, P. and Jahnke, K. and Andrea, R. and Lilly, S. J. and Elvis, M. and Civano, F. and Mainieri, V. and Vignali, C. and Zamorani, G. and Nair, P. and Le F{\`e}vre, O. and de Ravel, L. and Bardelli, S. and Bongiorno, A. and Bolzonella, M. and Cappi, A. and Caputi, K. and Carollo, C. M. and Contini, T. and Coppa, G. and Cucciati, O. and de la Torre, S. and Franzetti, P. and Garilli, B. and Halliday, C. and Hasinger, G. and Iovino, A. and Knobel, C. and Koekemoer, A. M. and Kova{\v c}, K. and Lamareille, F. and Le Borgne, J. F. and Le Brun, V. and Maier, C. and Mignoli, M. and Pello, R. and P{\'e}rez-Montero, E. and Ricciardelli, E. and Peng, Y. and Scodeggio, M. and Tanaka, M. and Tasca, L. and Tresse, L. and Vergani, D. and Zucca, E. and Brusa, M. and Cappelluti, N. and Comastri, A. and Finoguenov, A. and Fu, H. and Gilli, R. and Hao, H. and Ho, L. C. and Salvato, M.},
  title = {{THE IMPACT OF GALAXY INTERACTIONS ON ACTIVE GALACTIC NUCLEUS ACTIVITY IN zCOSMOS}},
  journal = {The Astrophysical Journal},
  archiveprefix = {arXiv},
  eprint = {1109.1292},
  primaryclass = {astro-ph.CO},
  keywords = {galaxies: active, galaxies: interactions, quasars: general, X-rays: galaxies},
  year = {2011},
  month = {dec},
  volume = {743},
  eid = {2},
  pages = {2},
  doi = {10.1088/0004-637X/743/1/2},
  adsurl = {http://adsabs.harvard.edu/abs/2011ApJ...743....2S},
  adsnote = {Provided by the SAO/NASA Astrophysics Data System},
}


@ARTICLE{2012A&A...540A.109S,
  author = {Santini, P. and Rosario, D. J. and Shao, L. and Lutz, D. and Maiolino, R. and Alexander, D. M. and Altieri, B. and Andreani, P. and Aussel, H. and Bauer, F. E. and Berta, S. and Bongiovanni, A. and Brandt, W. N. and Brusa, M. and Cepa, J. and Cimatti, A. and Daddi, E. and Elbaz, D. and Fontana, A. and F{\"o}rster-Schreiber, N. M. and Genzel, R. and Grazian, A. and Le Floc'h, E. and Magnelli, B. and Mainieri, V. and Nordon, R. and P{\'e}rez Garcia, A. M. and Poglitsch, A. and Popesso, P. and Pozzi, F. and Riguccini, L. and Rodighiero, G. and Salvato, M. and Sanchez-Portal, M. and Sturm, E. and Tacconi, L. J. and Valtchanov, I. and Wuyts, S.},
  title = {{ENHANCED STAR-FORMATION RATES IN AGN HOSTS WITH RESPECT TO INACTIVE GALAXIES FROM PEP-HERSCHEL OBSERVATIONS}},
  journal = {Astronomy & Astrophysics},
  archiveprefix = {arXiv},
  eprint = {1201.4394},
  primaryclass = {astro-ph.CO},
  keywords = {galaxies: active, galaxies: evolution, galaxies: high-redshift, galaxies: star formation, infrared: galaxies},
  year = {2012},
  month = {apr},
  volume = {540},
  eid = {A109},
  pages = {A109},
  doi = {10.1051/0004-6361/201118266},
  adsurl = {http://adsabs.harvard.edu/abs/2012A%26A...540A.109S},
  adsnote = {Provided by the SAO/NASA Astrophysics Data System},
}


@ARTICLE{2010ApJ...714L.118D,
  author = {Daddi, E. and Elbaz, D. and Walter, F. and Bournaud, F. and Salmi, F. and Carilli, C. and Dannerbauer, H. and Dickinson, M. and Monaco, P. and Riechers, D.},
  title = {{DIFFERENT STAR FORMATION LAWS FOR DISKS VERSUS STARBURSTS AT LOW AND HIGH REDSHIFTS}},
  journal = {The Astrophysical Journal Lettersl},
  archiveprefix = {arXiv},
  eprint = {1003.3889},
  primaryclass = {astro-ph.CO},
  keywords = {cosmology: observations, galaxies: evolution, galaxies: formation, galaxies: starburst, infrared: galaxies},
  year = {2010},
  month = {may},
  volume = {714},
  pages = {L118-L122},
  doi = {10.1088/2041-8205/714/1/L118},
  adsurl = {http://adsabs.harvard.edu/abs/2010ApJ...714L.118D},
  adsnote = {Provided by the SAO/NASA Astrophysics Data System},
}


@ARTICLE{2003ApJ...599..193F,
  author = {F{\"o}rster Schreiber, N. M. and Genzel, R. and Lutz, D. and Sternberg, A.},
  title = {{THE NATURE OF STARBURST ACTIVITY IN M82}},
  journal = {The Astrophysical Journal},
  eprint = {astro-ph/0309357},
  keywords = {Galaxies: Evolution, Galaxies: Individual: Messier Number: M82, Galaxies: Starburst, Infrared: Galaxies, Stars: Formation},
  year = {2003},
  month = {dec},
  volume = {599},
  pages = {193-217},
  doi = {10.1086/379097},
  adsurl = {http://adsabs.harvard.edu/abs/2003ApJ...599..193F},
  adsnote = {Provided by the SAO/NASA Astrophysics Data System},
}


@article{Liu_2012,
  doi = {10.1088/0004-637x/745/1/94},
  url = {http://dx.doi.org/10.1088/0004-637X/745/1/94},
  year = {2012},
  month = {jan},
  publisher = {{IOP} Publishing},
  volume = {745},
  number = {1},
  pages = {94},
  author = {Liu, X. and Shen, Y. and Strauss, M. A.},
  title = {{{ACTIVE} {GALACTIC} {NUCLEUS} {PAIRS} {FROM} {THE} {SLOAN} {DIGITAL} {SKY} {SURVEY}. {II}. {EVIDENCE} {FOR} {TIDALLY} {ENHANCED} {STAR} {FORMATION} {AND} {BLACK} {HOLE} {ACCRETION}}},
  journal = {{ApJ}},
}


@article{Smith_2010,
  doi = {10.1088/0004-637x/716/1/866},
  url = {http://dx.doi.org/10.1088/0004-637X/716/1/866},
  year = {2010},
  month = {may},
  publisher = {{IOP} Publishing},
  volume = {716},
  number = {1},
  pages = {866--877},
  author = {Smith, K. L. and Shields, G. A. and Bonning, E. W. and McMullen, C. C. and Rosario, D. J. and Salviander, S.},
  title = {{A {SEARCH} {FOR} {BINARY} {ACTIVE} {GALACTIC} {NUCLEI}: {DOUBLE}-{PEAKED} [O {III}] {AGNs} {IN} {THE} {SLOAN} {DIGITAL} {SKY} {SURVEY}}},
  journal = {{ApJ}},
}


@article{Liu_2009,
  doi = {10.1088/0004-637x/708/1/427},
  url = {http://dx.doi.org/10.1088/0004-637X/708/1/427},
  year = {2009},
  month = {dec},
  publisher = {{IOP} Publishing},
  volume = {708},
  number = {1},
  pages = {427--434},
  author = {Liu, X. and Shen, Y. and Strauss, M.A., and Greene, J.E.,},
  title = {{{TYPE} 2 {ACTIVE} {GALACTIC} {NUCLEI} {WITH} {DOUBLE}-{PEAKED} [O {III}] {LINES}: {NARROW}-{LINE} {REGION} {KINEMATICS} {OR} {MERGING} {SUPERMASSIVE} {BLACK} {HOLE} {PAIRS}?}},
  journal = {{The Astrophysical Journal}},
}


@article{Liu_2011,
  doi = {10.1088/0004-637x/737/2/101},
  url = {http://dx.doi.org/10.1088/0004-637X/737/2/101},
  year = {2011},
  month = {aug},
  publisher = {{IOP} Publishing},
  volume = {737},
  number = {2},
  pages = {101},
  author = {Liu, X. and Shen, Y. and Strauss, M.A. and Hao, L.},
  title = {{{ACTIVE} {GALACTIC} {NUCLEUS} {PAIRS} {FROM} {THE} {SLOAN} {DIGITAL} {SKY} {SURVEY}. I. {THE} {FREQUENCY} {ON} ~5-100 kpc {SCALES}}},
  journal = {{The Astrophysical Journal}},
}


@MISC{2011ascl.soft09001G,
  author = {Ginsburg, A. and Mirocha, J.},
  title = {{PySpecKit: A PYTHON SPECTROSCOPIC TOOLKIT}},
  howpublished = {Astrophysics Source Code Library},
  year = {2011},
  month = {sep},
  archiveprefix = {ascl},
  eprint = {1109.001},
  adsurl = {http://adsabs.harvard.edu/abs/2011ascl.soft09001G},
  adsnote = {Provided by the SAO/NASA Astrophysics Data System},
}


@article{Gilfanov_2004,
  doi = {10.1111/j.1365-2966.2004.07450.x},
  url = {http://dx.doi.org/10.1111/j.1365-2966.2004.07450.x},
  year = {2004},
  month = {jan},
  publisher = {Oxford University Press ({OUP})},
  volume = {347},
  number = {3},
  pages = {L57--L60},
  author = {Gilfanov, M. and Grimm, H.-J. and Sunyaev, R.},
  title = {{{LX}-{SFR} RELATION IN STAR-FORMING GALAXIES}},
  journal = {Monthly Notices of the Royal Astronomical Society},
}


@ARTICLE{1983A&A...120..219K,
  author = {Kennicutt, R. C.},
  title = {{THE ORIGIN OF THE NON-THERMAL RADIO EMISSION IN NORMAL DISK GALAXIES}},
  journal = {Astronomy \& Astrophysics},
  keywords = {Disk Galaxies, Hydrogen Clouds, Nonthermal Radiation, Radio Emission, Radio Sources (Astronomy), Correlation, Emission Spectra, H Alpha Line, Radio Spectra},
  year = {1983},
  month = {apr},
  volume = {120},
  pages = {219-222},
  adsurl = {http://adsabs.harvard.edu/abs/1983A%26A...120..219K},
  adsnote = {Provided by the SAO/NASA Astrophysics Data System},
}


@article{Cardiel_2003,
  doi = {10.1086/345594},
  url = {http://dx.doi.org/10.1086/345594},
  year = {2003},
  month = {feb},
  publisher = {{IOP} Publishing},
  volume = {584},
  number = {1},
  pages = {76--99},
  author = {Cardiel, N. and Elbaz, D. and Schiavon, R.P. and Willmer, C. N. A. and Koo, D.C. and Phillips, A.C. and Gallego, J.},
  title = {{A MULTIWAVELENGTH APPROACH TO THE STAR FORMATION RATE ESTIMATION IN GALAXIES AT INTERMEDIATE REDSHIFTS}},
  journal = {The Astrophysical Journal},
}


@article{Kim_2006,
  doi = {10.1086/501422},
  url = {http://dx.doi.org/10.1086/501422},
  year = {2006},
  month = {may},
  publisher = {{IOP} Publishing},
  volume = {642},
  number = {2},
  pages = {702--710},
  author = {Kim, M. and Ho, L. C. and Im, M.},
  title = {{CONSTRAINTS ON THE STAR FORMATION RATE OF ACTIVE GALAXIES}},
  journal = {{ApJ}},
}


@article{Peacock_1983,
  doi = {10.1093/mnras/202.3.615},
  url = {http://dx.doi.org/10.1093/mnras/202.3.615},
  year = {1983},
  month = {mar},
  publisher = {Oxford University Press ({OUP})},
  volume = {202},
  number = {3},
  pages = {615--627},
  author = {Peacock, J.A.},
  title = {{TWO-DIMENSIONAL GOODNESS-OF-FIT TESTING IN ASTRONOMY}},
  journal = {Monthly Notices of the Royal Astronomical Society},
}


@article{Justel_1997,
  doi = {10.1016/s0167-7152(97)00020-5},
  url = {http://dx.doi.org/10.1016/S0167-7152(97)00020-5},
  year = {1997},
  month = {oct},
  publisher = {Elsevier {BV}},
  volume = {35},
  number = {3},
  pages = {251--259},
  author = {Justel, A. and Pe{\~{n}}a, D. and Zamar, R.},
  title = {{A MULTIVARIATE KOLMOGOROV-SMIRNOV TEST OF GOODNESS OF FIT}},
  journal = {Statistics {\&} Probability Letters},
}


@article{Balogh_1999,
  doi = {10.1086/308056},
  url = {http://dx.doi.org/10.1086/308056},
  year = {1999},
  month = {dec},
  publisher = {{IOP} Publishing},
  volume = {527},
  number = {1},
  pages = {54--79},
  author = {Michael L. Balogh and Simon L. Morris and H. K. C. Yee and R. G. Carlberg and Erica Ellingson},
  title = {{Differential Galaxy Evolution in Cluster and Field Galaxies at {\textbackslash}documentclass$\lbrace$aastex$\rbrace$ {\textbackslash}usepackage$\lbrace$amsbsy$\rbrace$ {\textbackslash}usepackage$\lbrace$amsfonts$\rbrace$ {\textbackslash}usepackage$\lbrace$amssymb$\rbrace$ {\textbackslash}usepackage$\lbrace$bm$\rbrace$ {\textbackslash}usepackage$\lbrace$mathrsfs$\rbrace$ {\textbackslash}usepackage$\lbrace$pifont$\rbrace$ {\textbackslash}usepackage$\lbrace$stmaryrd$\rbrace$ {\textbackslash}usepackage$\lbrace$textcomp$\rbrace$ {\textbackslash}usepackage$\lbrace$portland,xspace$\rbrace$ {\textbackslash}usepackage$\lbrace$amsmath,amsxtra$\rbrace$ {\textbackslash}usepackage[{OT}2,{OT}1]$\lbrace$fontenc$\rbrace$ {\textbackslash}newcommand{\textbackslash}cyr$\lbrace$ {\textbackslash}renewcommand{\textbackslash}rmdefault$\lbrace$wncyr$\rbrace$ {\textbackslash}renewcommand{\textbackslash}sfdefault$\lbrace$wncyss$\rbrace$ {\textbackslash}renewcommand{\textbackslash}encodingdefault$\lbrace${OT}2$\rbrace$ {\textbackslash}normalfont {\textbackslash}selectfont$\rbrace$ {\textbackslash}{DeclareTextFontCommand}$\lbrace${\textbackslash}textcyr$\rbrace$$\lbrace${\textbackslash}cyr$\rbrace$ {\textbackslash}pagestyle$\lbrace$empty$\rbrace$ {\textbackslash}{DeclareMathSizes}$\lbrace$10$\rbrace$$\lbrace$9$\rbrace$$\lbrace$7$\rbrace$$\lbrace$6$\rbrace$ {\textbackslash}begin$\lbrace$document$\rbrace$ {\textbackslash}landscape {\textdollar}z{\textbackslash}approx 0.3{\textdollar} {\textbackslash}end$\lbrace$document$\rbrace$}},
  journal = {{ApJ}},
}


@article{Marocco_2011,
  doi = {10.1051/0004-6361/201016143},
  url = {http://dx.doi.org/10.1051/0004-6361/201016143},
  year = {2011},
  month = {jun},
  publisher = {{EDP} Sciences},
  volume = {531},
  pages = {A71},
  author = {Marocco, J. and Hache, E. and Lamareille, F.},
  title = {{SPECTRAL CLASSIFICATION OF EMISSION-LINE GALAXIES FROM THE SLOAN DIGITAL SKY SURVEY}},
  journal = {Astronomy {\&} Astrophysics},
}


@article{Bruzual_A__1983,
  doi = {10.1086/161352},
  url = {http://dx.doi.org/10.1086/161352},
  year = {1983},
  month = {oct},
  publisher = {{IOP} Publishing},
  volume = {273},
  pages = {105},
  author = {Bruzual, A.G.},
  title = {{SPECTRAL EVOLUTION OF GALAXIES. I - EARLY-TYPE SYSTEMS}},
  journal = {The Astrophysical Journal},
}


@article{Kauffmann_2004,
  doi = {10.1111/j.1365-2966.2004.08117.x},
  url = {http://dx.doi.org/10.1111/j.1365-2966.2004.08117.x},
  year = {2004},
  month = {aug},
  publisher = {Oxford University Press ({OUP})},
  volume = {353},
  number = {3},
  pages = {713--731},
  author = {Kauffmann, G. and White, S.D.M. and Heckman, T.M. and M{\'{e}}nard, B. and Brinchmann, J. and Charlot, S. and Tremonti, C. and Brinkmann, J.},
  title = {{THE ENVIRONMENTAL DEPENDENCE OF THE RELATIONS BETWEEN STELLAR MASS STRUCTURE, STAR FORMATION AND NUCLEAR ACTIVITY IN GALAXIES}},
  journal = {Monthly Notices of the Royal Astronomical Society},
}


@article{Blecha_2013,
  doi = {10.1093/mnras/sts533},
  url = {http://dx.doi.org/10.1093/mnras/sts533},
  year = {2013},
  month = {jan},
  publisher = {Oxford University Press ({OUP})},
  volume = {429},
  number = {3},
  pages = {2594--2616},
  author = {Blecha, L. and Loeb, A. and Narayan, R.},
  title = {{DOUBLE-PEAKED NARROW-LINE SIGNATURES OF DUAL SUPERMASSIVE BLACK HOLES IN GALAXY MERGER SIMULATIONS}},
  journal = {Monthly Notices of the Royal Astronomical Society},
}


@article{Gu_2006,
  doi = {10.1111/j.1365-2966.2005.09872.x},
  url = {http://dx.doi.org/10.1111/j.1365-2966.2005.09872.x},
  year = {2006},
  month = {feb},
  publisher = {Oxford University Press ({OUP})},
  volume = {366},
  number = {2},
  pages = {480--490},
  author = {Q. Gu and J. Melnick and R. C. Fernandes and D. Kunth and E. Terlevich and R. Terlevich},
  title = {{Emission-line properties of Seyfert 2 nuclei}},
  journal = {Monthly Notices of the Royal Astronomical Society},
}


@article{Rosario_2012,
  doi = {10.1051/0004-6361/201219258},
  url = {http://dx.doi.org/10.1051/0004-6361/201219258},
  year = {2012},
  month = {sep},
  publisher = {{EDP} Sciences},
  volume = {545},
  pages = {A45},
  author = {Rosario, D. J. and Santini, P. and Lutz, D. and Shao, L. and Maiolino, R. and Alexander, D. M. and Altieri, B. and Andreani, P. and Aussel, H. and Bauer, F. E.  and Berta, S. and Bongiovanni, A. and Brandt, W. N. and Brusa, M. and Cepa, J. and Cimatti, A. and Cox, T. J. and Daddi, E. and Elbaz, D. and Fontana, A. and Förster-Schreiber, N. M. and Genzel, R. and Grazian, A. and Le Floch, E. and Magnelli, B. and Mainieri, V. and Netzer, H. and Nordon, R. and P{\'{e}}rez-Garcia, I. and Poglitsch, A. and Popesso, P. and Pozzi, F. and Riguccini, L. and Rodighiero, G. and Salvato, M. and Sanchez-Portal, M. and Sturm, E. and Tacconi, L. J. and Valtchanov, I. and Wuyts, S.},
  title = {{THE MEAN STAR FORMATION RATE OF X-RAY SELECTED ACTIVE GALAXIES AND ITS EVOLUTION FROM z ~ 2.5: RESULTS FROM {PEP}- HERSCHEL}},
  journal = {Astronomy {\&} Astrophysics},
}


@article{Somerville_2008,
  doi = {10.1111/j.1365-2966.2008.13805.x},
  url = {http://dx.doi.org/10.1111/j.1365-2966.2008.13805.x},
  year = {2008},
  month = {dec},
  publisher = {Oxford University Press ({OUP})},
  volume = {391},
  number = {2},
  pages = {481--506},
  author = {Somerville, R. S. and Hopkins, P. F. and Cox, T. J. and Robertson, B. E. and Hernquist, L.},
  title = {{A SEMI-ANALYTIC MODEL FOR THE CO-EVOLUTION OF GALAXIES, BLACK HOLES & ACTIVE GALACTIC NUCLEI}},
  journal = {Monthly Notices of the Royal Astronomical Society},
}


@article{Volonteri_2003,
  doi = {10.1086/344675},
  url = {http://dx.doi.org/10.1086/344675},
  year = {2003},
  month = {jan},
  publisher = {{IOP} Publishing},
  volume = {582},
  number = {2},
  pages = {559--573},
  author = {Volonteri, M. and Haardt, F. and Madau, P.},
  title = {{THE ASSEMBLY AND MERGING HISTORY OF SUPERMASSIVE BLACK HOLES IN HIERARCHICAL MODELS OF GALAXY FORMATION}},
  journal = {{ApJ}},
}


@article{Van_Wassenhove_2012,
  doi = {10.1088/2041-8205/748/1/l7},
  url = {http://dx.doi.org/10.1088/2041-8205/748/1/L7},
  year = {2012},
  month = {feb},
  publisher = {{IOP} Publishing},
  volume = {748},
  number = {1},
  pages = {L7},
  author = {Sandor Van Wassenhove and Marta Volonteri and Lucio Mayer and Massimo Dotti and Jillian Bellovary and Simone Callegari},
  title = {{{OBSERVABILITY} {OF} {DUAL} {ACTIVE} {GALACTIC} {NUCLEI} {IN} {MERGING} {GALAXIES}}},
  journal = {{ApJ}},
}


@article{Zakamska_2003,
  doi = {10.1086/378610},
  url = {http://dx.doi.org/10.1086/378610},
  year = {2003},
  month = {nov},
  publisher = {{IOP} Publishing},
  volume = {126},
  number = {5},
  pages = {2125--2144},
  author = {Nadia L. Zakamska and Michael A. Strauss and Julian H. Krolik and Matthew J. Collinge and Patrick B. Hall and Lei Hao and Timothy M. Heckman and eljko Ivezi and Gordon T. Richards and David J. Schlegel and Donald P. Schneider and Iskra Strateva and Daniel E. Vanden Berk and Scott F. Anderson and Jon Brinkmann},
  title = {{Candidate Type {II} Quasars from the Sloan Digital Sky Survey. I. Selection and Optical Properties of a Sample at 0.3$\less$ Z $\less$0.83}},
  journal = {Astron J},
}


@article{Brinchmann_2004,
  doi = {10.1111/j.1365-2966.2004.07881.x},
  url = {http://dx.doi.org/10.1111/j.1365-2966.2004.07881.x},
  year = {2004},
  month = {jul},
  publisher = {Oxford University Press ({OUP})},
  volume = {351},
  number = {4},
  pages = {1151--1179},
  author = {J. Brinchmann and S. Charlot and S. D. M. White and C. Tremonti and G. Kauffmann and T. Heckman and J. Brinkmann},
  title = {{THE PHYSICAL PROPERTIES OF STAR-FORMING GALAXIES IN THE LOW-REDSHIFT UNIVERSE}},
  journal = {Monthly Notices of the Royal Astronomical Society},
}


@article{Salim_2007,
  doi = {10.1086/519218},
  url = {http://dx.doi.org/10.1086/519218},
  year = {2007},
  month = {dec},
  publisher = {{IOP} Publishing},
  volume = {173},
  number = {2},
  pages = {267--292},
  author = {Salim, S. and Rich, R. M. and Charlot, S. and Brinchmann, J. and Johnson, B. D. and Schiminovich, D. and Seibert, M. and Mallery, R. and Heckman, T. M. and Forster, K. and Friedman, P. G. and Martin, D. C. and Morrissey, P. and Neff, S. G. and Small, T. and Wyder, T. K. and Bianchi, L. and Donas, J. and Lee, Y.-W. and Madore, B. F. and Milliard, B. and Szalay, A. S. and Welsh, B. Y. and Yi, S. K.},
  title = {{UV STAR FORMATION RATES IN THE LOCAL UNIVERSE}},
  journal = {The Astrophysical Journal Supplement Series},
}


@article{Worthey_1997,
  doi = {10.1086/313021},
  url = {http://dx.doi.org/10.1086/313021},
  year = {1997},
  month = {aug},
  publisher = {{IOP} Publishing},
  volume = {111},
  number = {2},
  pages = {377--386},
  author = {Worthey, G. and Ottaviani, D. L.},
  title = {{Hγ AND Hδ ABSORPTION FEATURES IN STARS AND STELLAR POPULATIONS}},
  journal = {The Astrophysical Journal Supplement Series},
}


@article{Carpineti_2015,
  doi = {10.1051/0004-6361/201425276},
  url = {http://dx.doi.org/10.1051/0004-6361/201425276},
  year = {2015},
  month = {may},
  publisher = {{EDP} Sciences},
  volume = {577},
  pages = {A119},
  author = {A. Carpineti and S. Kaviraj and A. K. Hyde and D. L. Clements and K. Schawinski and D. Darg and C. J. Lintott},
  title = {{An infrared study of local galaxy mergers}},
  journal = {Astronomy {\&} Astrophysics},
}


@article{Stierwalt_2013,
  doi = {10.1088/0067-0049/206/1/1},
  url = {http://dx.doi.org/10.1088/0067-0049/206/1/1},
  year = {2013},
  month = {apr},
  publisher = {{IOP} Publishing},
  volume = {206},
  number = {1},
  pages = {1},
  author = {S. Stierwalt and L. Armus and J. A. Surace and H. Inami and A. O. Petric and T. Diaz-Santos and S. Haan and V. Charmandaris and J. Howell and D. C. Kim and J. Marshall and J. M. Mazzarella and H. W. W. Spoon and S. Veilleux and A. Evans and D. B. Sanders and P. Appleton and G. Bothun and C. R. Bridge and B. Chan and D. Frayer and K. Iwasawa and L. J. Kewley and S. Lord and B. F. Madore and J. E. Melbourne and E. J. Murphy and J. A. Rich and B. Schulz and E. Sturm and V. U and T. Vavilkin and K. Xu},
  title = {{{MID}-{INFRARED} {PROPERTIES} {OF} {NEARBY} {LUMINOUS} {INFRARED} {GALAXIES}. I. {SPITZER} {INFRARED} {SPECTROGRAPH} {SPECTRA} {FOR} {THE} {GOALS} {SAMPLE}}},
  journal = {{ApJS}},
}


@article{Zakamska_2006,
  doi = {10.1086/506986},
  url = {http://dx.doi.org/10.1086/506986},
  year = {2006},
  month = {aug},
  publisher = {{IOP} Publishing},
  volume = {132},
  number = {4},
  pages = {1496--1516},
  author = {Nadia L. Zakamska and Michael A. Strauss and Julian H. Krolik and Susan E. Ridgway and Gary D. Schmidt and Paul S. Smith and Timothy M. Heckman and Donald P. Schneider and Lei Hao and J. Brinkmann},
  title = {{Type {II} Quasars from the Sloan Digital Sky Survey. V. Imaging Host Galaxies with the Hubble Space Telescope}},
  journal = {Astron J},
}


@article{Kewley_2001,
  doi = {10.1086/321545},
  url = {http://dx.doi.org/10.1086/321545},
  year = {2001},
  month = {jul},
  publisher = {{IOP} Publishing},
  volume = {556},
  number = {1},
  pages = {121--140},
  author = {L. J. Kewley and M. A. Dopita and R. S. Sutherland and C. A. Heisler and J. Trevena},
  title = {{Theoretical Modeling of Starburst Galaxies}},
  journal = {{ApJ}},
}
